2460 4634
398 341 537 388 examen
564 317 775 390 succinctum.
861 352 863 356 ’
918 326 924 343 “
981 356 982 361 ¹
1057 320 1127 399 23'
1176 358 1178 365 v

62 503 163 583 Inter
181 511 265 580 illos
296 522 408 578 tamen
422 572 425 578 .
441 511 558 601 frutex
579 512 804 598 'hildesiensia
843 538 933 581 sacer
946 510 1029 602 ²itle,
1065 533 1099 587 et

62 636 209 726 quidam
231 634 288 700 alii
308 635 345 698 in
365 613 530 700 suburbiis
553 633 765 722 thuringiacis
787 658 875 725 pone
894 647 980 705 tecta
1007 640 1108 730 opri-'
1183 726 1184 731 ἵ

61 768 191 843 cantes,
213 755 358 840 aliquam
380 752 620 842 celebritatem,
636 758 729 832 Rosa
744 759 879 825 arborea
892 760 986 825 Pera
1007 759 1097 846 vero,

61 877 221 968 quamvis
242 898 334 942 mera
355 877 397 942 sit
425 879 466 944 R.
489 877 673 945 moschatae
694 880 843 964 varietas,
865 893 996 968 praeter
1012 880 1098 950 'banc
1181 878 1183 886 ’

60 993 184 1083 locum
204 999 238 1063 in
261 1002 681 1092 systemate‘obtinuerunt.
731 999 876 1066 Frutices
890 1000 942 1068 'ex
963 1004 1098 1070 semini-

62 1120 133 1187 bus
154 1121 230 1186 satis
262 1122 342 1206 nati,
381 1125 492 1187 Pb'm‘o
520 1120 589 1209 jam
618 1130 761 1205 auctore,
792 1127 871 1187 non'
888 1122 999 1189 solum
1026 1135 1096 1216 tar-
1131 1174 1136 1188 .

62 1231 205 1308 dissime
227 1242 427 1329 proveniunt
453 1244 517 1332 sed⁵
531 1265 666 1331 quoque¹
685 1253 859 1329 augmenta
880 1243 991 1310 minus
1012 1244 1096 1311 laeta
1197 1330 1200 1345 Ι

61 1348 220 1454 capiunt,
240 1365 353 1428 minua
369 1363 574 1430 invalescunt
595 1387 655 1429 nec
675 1376 744 1429 tam
773 1384 909 1453 procare
938 1365 1096 1431 attollun-
1177 1379 1182 1389 ’

64 1484 393 1574 tur,1praotera]ias
416 1485 642 1572 ambiguitates
670 1485 782 1572 igitur,
819 1487 993 1572 genuinam
1017 1484 1095 1552 ‘fru-

57 1606 143 1672 ticis
164 1606 427 1692 magnitudinem
457 1605 573 1671 saltem
601 1618 767 1695 praestant
794 1606 955 1695 illamque
979 1628 1096 1674 secun·
1167 1662 1169 1666 a

60 1727 153 1792 dum
184 1716 296 1814 stirpis
331 1727 474 1809 nisum,'
495 1727 620 1792 variam
651 1728 786 1812 quidem
816 1738 848 1792 et
876 1729 1027 1794 viunisi
1055 1731 1094 1797 ab

63 1847 245 1914 exercitato
260 1846 332 1912 rite
354 1846 568 1930 statuendam,
599 1846 798 1935 plerumque
819 1837 930 1914 tamen
958 1850 1045 1916 iuter
1075 1859 1091 1920 1
1120 1931 1121 1934 Ἴ
1153 1914 1156 1920 ,
1209 1913 1211 1918 .

55 1975 140 2035 -6
168 1952 331 2058 pedalem*
347 1939 577 2054 ambigentem,
618 1976 663 2033 ex'
691 1951 801 2075 aetaia
827 1968 966 2036 ¹demum
992 1971 1095 2060 perfi-
1197 2020 1200 2026 -

55 2093 158 2158 ciunt
187 2112 222 2154 ac
250 2100 403 2154 servam.-
458 2089 526 2169 Qui
563 2089 709 2155 minores
746 2101 822 2155 sunt
856 2113 916 2156 nec
943 2092 1095 2181 pedalem

54 2211 200 2302 quidem
219 2198 391 2304 'attingunt'
403 2197 648 2299 proceritatem,
676 2221 794 2277 trunco
823 2211 945 2278 scilicet
969 2212 1094 2309 ,unciali

54 2359 86 2400 s.
123 2326 262 2418 digitali
280 2351 385 2417 eoque
410 2331 449 2419 in
478 2332 568 2418 ipsos
597 2353 708 2399 ramos
734 2333 971 2420 deliquescente
1003 2334 1092 2402 inni-
1124 2312 1131 2323 ¹

52 2462 192 2535 tantur,-
229 2448 391 2516 deflexus
421 2451 655 2539 qualiscunque
684 2477 702 2519 a
729 2453 923 2542 proceritate
951 2456 1092 2542 genuina

46 2573 287 2662 suspicionem
310 2567 454 2637 subeunt
480 2590 617 2660 eamque
645 2574 823 2639 minutiem
851 2575 918 2640 sive
947 2598 990 2640 cx
1018 2577 1115 2654 solo

51 2716 177 2762 macro
200 2703 239 2758 et
268 2695 390 2782 aprico'
406 2693 474 2759 sive
504 2715 546 2761 ex
575 2693 636 2759 alia
665 2710 872 2782 quacunque·
888 2696 1090 2763 aberratione

51 2820 202 2897 interna,
224 2835 255 2880 v.
281 2837 310 2877 c.
333 2834 376 2877 ex
395 2814 472 2877 nisu
494 2809 743 2902 stictophyllino
766 2817 952 2903 penitiore,
972 2829 1089 2906 sponte

52 2937 306 3017 nanciscuntur,
329 2955 386 2998 seu
407 2954 540 3020 quoque
563 2934 641 3022 talea
664 2956 707 3000 ex
729 2935 922 3011 dexteritate
935 2935 1089 3006 ,evadunt
1131 3021 1134 3027 .
1161 2928 1163 2936 ¹

17 3060 28 3078 “
53 3071 92 3127 et
116 3055 299 3123 circumcisi
319 3055 513 3120 redduntur.
579 3055 754 3144 Ejusmodi
775 3054 909 3122 frutices
930 3080 1089 3125 nouorum

52 3205 83 3247 a.
109 3200 345 3265 pygmaeorum
373 3176 479 3242 titulis
509 3181 755 3264 (chrgrosea)
792 3179 1027 3263 innotescunt,
1052 3179 1088 3244 in
1198 3230 1200 3237 .

53 3300 242 3367 hortorum
263 3281 387 3362 deliciis
409 3309 496 3381 sunt,
520 3299 555 3362 in
576 3307 752 3388 systemate
767 3311 877 3364 autem
892 3299 1088 3366 varietatum

52 3406 224 3490 nannum
258 3416 451 3485 nominibus
488 3419 557 3488 sivo
593 3420 689 3509 stirpi
729 3419 978 3507 subscribuntur
1020 3420 1087 3487 sive

51 3543 198 3611 omuino
219 3541 440 3629 negliguntur.
514 3570 516 3574 ¹

121 3661 262 3751 Majoris
284 3663 446 3728 momenti
467 3670 555 3731 rama·
580 3648 865 3751 sunt'eorumque
895 3661 1086 3751 superaddi-
1156 3744 1160 3749 ¹

48 3798 174 3854 torum
196 3785 421 3872 dispositione,
450 3784 581 3850 habitus
602 3785 759 3875 proprius
782 3783 963 3851 evidentius
989 3804 1087 3871 prae-

48 3909 203 3975 notatur.
246 3906 414 3991 Gammae,
437 3907 586 3994 quamvis
608 3908 759 3996 primum
779 3917 898 3972 trunco
920 3914 1007 3968 arcte
1029 3902 1106 3975 adr

50 4029 250 4120 primautur
273 4040 306 4094 et
333 4050 466 4095 sursum
493 4028 628 4098 tendere
656 4028 839 4122 uideantur,
883 4023 950 4091 cito
974 4033 1085 4089 tamen

1188 1753 1194 1782 Ι
