2460 4634
163 348 207 415 86
316 299 321 308 -
464 339 614 407 Partium
634 341 739 410 Rosae
760 324 890 411 fruticis
992 428 997 438 1
1117 381 1124 396 ⁴
1214 300 1216 317 Ι

165 536 405 604 nanciscuntur.
449 529 488 596 In
508 529 695 596 turionibus
716 554 780 622 pro
801 544 899 621 parte
915 542 1022 601 terrae
1052 532 1181 605 defossis

166 657 304 749 stipulae
326 674 540 744 squamarum
569 676 595 716 s.
624 649 820 718 ochrearum
849 651 993 741 speeiem
1022 655 1180 723 aemulan·

164 793 233 864 tur,
256 778 332 844 illos
348 774 512 865 ambeunt,
534 769 719 836 fuscescunt
739 783 772 838 et
792 783 923 863 praeter
936 774 1024 842 hunc
1044 775 1181 843 colorem
1212 836 1217 863 ἵ

165 913 199 971 et
219 898 366 966 indolem
388 893 573 976 scariosam,
602 889 723 957 fabrica
744 893 872 960 interna
893 889 993 963 etiem
1014 920 1034 963 a
1052 897 1179 989 proprie
1213 894 1217 919 ²

165 1025 212 1091 sic
233 1019 328 1086 dictis
349 1016 517 1099 recedunt,
552 1036 612 1079 nec
641 1035 685 1079 ex
713 1015 804 1102 apice
832 1015 974 1104 integre,
1011 996 1177 1085 rotundato

163 1142 321 1213 foliolum
341 1139 507 1204 emittunt.
557 1134 595 1200 In
624 1120 760 1200 ramulis
780 1133 968 1224 junioribus
991 1149 1126 1207 eatenus
1144 1158 1176 1205 ex

128 1289 131 1297 ’
163 1285 294 1355 gemma
315 1255 568 1344 emergentibus,
607 1255 727 1322 similia
754 1258 1002 1345 propemodum
1031 1258 1175 1347 quamin
1202 1248 1208 1265 ⁸

163 1378 348 1452 turiomlrus
369 1378 509 1444 redeunt
530 1376 726 1459 rudimenta,
764 1397 911 1462 quorum
939 1378 1056 1446 infima
1086 1390 1173 1463 oven,
1202 1386 1205 1435 ἶ

162 1499 414 1595 amplexic'aulia
435 1509 468 1564 et
488 1496 571 1562 circu
591 1495 712 1560 ramuli
731 1495 826 1561 basin
841 1496 1023 1585 imbricata,
1044 1497 1178 1588 squamis

162 1644 372 1717 gemmarum
393 1608 601 1686 similia'nec
627 1616 696 1682 sine
724 1614 882 1702 marginis
909 1619 1021 1698 indole
1049 1621 1179 1709 glandu-

161 1746 232 1816 losa
253 1741 492 1834 dignoscenda„
508 1739 597 1830 apice
619 1737 734 1805 leviter
756 1739 965 1825 marginata,
1004 1741 1109 1809 diluto
1131 1738 1180 1809 ri-

159 1869 264 1949 ridia3
312 1886 395 1953 quae
430 1872 614 1949 sequuntur
644 1859 682 1924 ad
711 1857 852 1945 figuram
881 1860 1211 1950 ovato-oblongam·

123 2035 127 2043 .
159 1988 229 2080 jam
250 1952 401 2072 vergunt,
439 1980 530 2069 apice
559 1977 636 2042 hinc
663 1977 833 2065 obliquato
861 1979 1060 2067 profundius
1096 1962 1205 2049 exet-J

161 2107 317 2174 cidnntur
337 2126 372 2169 ac
393 2099 495 2168 veluti
525 2100 757 2165 detruncantur
783 2098 956 2187 primaque
986 2101 1107 2192 petioli
1132 2103 1180 2168 in·

158 2224 287 2316 terjecti
308 2222 410 2289 edunt
431 2220 534 2304 initia,
571 2218 724 2284 auriculis
744 2229 856 2292 tamen
877 2215 979 2309 aeque
1001 2246 1037 2290 ae
1056 2220 1179 2290 foliolis

159 2357 280 2433 carent,
316 2354 402 2410 arete
431 2341 582 2432 primum
610 2339 853 2427 adprimuntur,
899 2343 1036 2408 demum
1068 2352 1179 2435 patent

157 2467 212 2538 vel
232 2464 445 2548 declinantur,
475 2462 516 2529 ad
537 2459 722 2550 superficiei
735 2461 912 2545 ,rationem
941 2485 1018 2528 eum
1046 2463 1178 2553 reliquis

157 2597 353 2678 congruunt,
389 2596 541 2674 tempore
568 2579 660 2646 floris
688 2592 800 2647 autem
827 2581 1026 2672 plerumque
1053 2585 1175 2651 cadunt.

151 2706 251 2796 ‘Quae
270 2709 324 2775 his
346 2706 523 2775 succedunt
550 2702 689 2792 stipulae
717 2701 853 2792 proprie
882 2703 927 2767 sic
950 2704 1064 2791 dietae,
1100 2703 1174 2771 facio

156 2842 294 2920 utraque
329 2829 514 2911 dilatantur,
568 2825 657 2915 apice
694 2822 731 2889 in
774 2836 940 2909 segmenta
987 2823 1170 2910 conformia,

155 2950 310 3038 aequalia,
345 2960 436 3015 acuta
463 2945 693 3036 expanduntur
716 2941 904 3032 (concutite,
927 2946 1018 3012 hema·
1035 2922 1171 3033 Herm)
1207 2984 1213 2993 ·

154 3067 468 3163 petioloxinterjeete
492 3068 662 3152 augentur,
683 3060 841 3128 foliolum
861 3044 1073 3155 triphyllnm,
1093 3066 1173 3135 illico

138 3188 385 3273 ¹transmittunt
421 3197 454 3253 et
495 3207 572 3250 cum
609 3181 810 3248 foliolorum
843 3207 986 3251 numero
1019 3197 1092 3254 rato
1119 3206 1191 3275 go-

152 3308 292 3374 nuinam
321 3307 546 3397 adipiscuntur
574 3316 737 3389 naturam,
765 3306 982 3373 ‘membranae
1005 3303 1216 3397 tenacioris

47 3450 50 3458 ·
153 3426 255 3495 instar
282 3422 527 3518 constipantur,
557 3426 647 3493 venis
677 3426 870 3514 conspicuis,
898 3427 1012 3493 minna
1039 3423 1222 3496 ramosis

150 3549 357 3633 nutriuntur,
393 3548 481 3615 inter
508 3548 656 3614 virorem
684 3546 837 3630 debilem,
869 3548 1064 3636 pracsertim
1082 3543 1222 3613 bosit-

150 3691 264 3737 versus
284 3667 449 3759 pellueent
470 3679 503 3735 et
523 3668 659 3734 eandem
680 3669 827 3736 indolem
848 3678 987 3752 servant,
1015 3667 1118 3736 donee
1135 3664 1222 3730 ia

56 3866 60 3871 ,
148 3789 359 3861 ramulorum
380 3788 511 3879 fastigio
533 3792 714 3856 secundum
735 3790 876 3856 eundem
899 3789 1053 3856 ordinem
1073 3784 1223 3855 folio!

147 3908 261 3977 lorum
280 3917 420 3978 numero
444 3909 671 3995 destituantur,
708 3910 794 3976 inter
823 3909 983 4004 auriculas
1013 3904 1223 3994 foliolnn5'

147 4029 285 4100 unicum¹
296 4015 397 4123 idque
408 4030 552 4123 simplex
568 4031 671 4099 modo
685 4026 920 4119 transmittant,
937 4031 1006 4098 sive
1017 4022 1223 4098 auricula
