2460 4634
361 290 564 382 '‘examea
590 308 803 394 succinctam.
966 358 968 363 ,
1082 321 1128 388 33·

488 414 525 429 *¹
600 413 652 437 ,1

101 494 294 584 obsidentia,
315 496 451 586 integra,
467 487 626 586 utrinque
641 496 767 584 obtusa,
789 497 931 592 in‘basin
942 514 1124 593 connatam,
1140 528 1143 538 ·

104 617 371 702 petioliformem,
417 619 575 706 gracilem
611 619 846 707 dimidiamque
885 619 977 687 solit
994 627 1126 712 partem

107 730 172 804 fere
190 749 382 827 aequantem
403 717 542 829 abrupte
562 751 705 825 tenuata,
717 740 819 829 ,apice
842 763 886 834 ex
908 741 991 808 callo
1002 740 1125 831 exiguo

107 840 244 927 ¹truncata
265 835 333 926 sive
355 861 447 947 quasi
475 861 684 949 emarginata,
713 858 1007 949 pdllide-virentia
1027 886 1126 954 prae-

83 976 217 1071 se.rtim
236 981 272 1044 in
293 978 376 1046 facie
398 981 524 1069 supina,
544 976 769 1075 glaberrima,
798 984 986 1067 tenerrima,
1014 985 1125 1073 pellu-
1158 1062 1161 1068 .

83 1084 101 1199 l·
90 1085 185 1185 cida,
203 1101 340 1183 enervia,
369 1102 460 1168 venis
480 1113 591 1167 tamen
613 1103 788 1190 grumosis,
818 1103 1126 1187 saturatioribus,a

83 1208 178 1289 boi
193 1218 409 1309 petioliformi
431 1221 509 1288 inde
531 1223 572 1288 ad
594 1225 721 1311 apicem
749 1224 968 1295 tendentibus
986 1235 1019 1289 et
1046 1223 1126 1304 alias

84 1412 89 1421 ¹
127 1332 247 1406 laterales
268 1338 420 1428 interject
421 1365 454 1405 as
477 1342 711 1428 emittentibus,
738 1367 801 1432 per
822 1345 1046 1409 anastomosin
1071 1368 1127 1410 rc-

85 1486 88 1491 ·
127 1456 239 1526 ticulum
253 1438 498 1549 praestantibus
518 1458 652 1546 nutrita,
690 1475 768 1552 post
788 1454 967 1529 sols'titium
998 1465 1125 1532 caduca.

97 1598 102 1609 ·
126 1577 200 1641 Fata
213 1590 346 1667 proprie
367 1587 535 1668 sa‘c'da'eto,
558 1606 639 1671 quae
653 1583 780 1672 petiolo
802 1584 872 1650 basi
892 1585 1052 1672 stipulato
1064 1597 1128 1651 ‘se-
1196 1672 1200 1677 ,

83 1686 86 1715 ¹
127 1694 378 1789 miamplexieauli
393 1712 626 1787 sustentantur,
648 1704 826 1769 insertione
837 1706 965 1781 nodum,
980 1678 1070 1770 intus
1082 1727 1128 1771 ex

132 1818 386 1900 portiumfabrica
415 1823 596 1911 constipata
631 1833 728 1888 extus
758 1845 802 1888 ex
834 1824 973 1909 gemmis
1016 1847 1127 1893 emer-

83 1926 247 2018 :gainus
280 1943 600 2030 recognoscendum,
650 1966 728 2032 per·
746 1941 917 2031 interjectu
957 1944 1128 2012 intervalla

83 2088 89 2099 ·
128 2064 214 2125 tutam
237 2067 460 2129 internodium
491 2075 696 2157 praenotant,
732 2064 769 2127 in
802 2063 938 2149 singulis
974 2041 1128 2133 rosarum

84 2166 93 2277 u'
127 2165 271 2247 fruticibus
310 2185 490 2270 generatim
523 2165 770 2251 considerantur
804 2184 986 2252 secundum
1013 2186 1128 2265 vitam,
1201 2167 1212 2189 ‘

128 2286 343 2389 ttooessionein,
378 2306 488 2371 sedem
516 2305 640 2372 variam
669 2314 701 2369 et
737 2304 941 2370 divisionem.
1008 2306 1141 2388 Quoad.
1206 2325 1210 2332 ’

83 2428 92 2509 ζ
128 2417 203 2484 olom
232 2421 314 2488 folia
342 2425 407 2490 alia
434 2425 615 2515 persistunt
649 2447 675 2489 s.
705 2424 879 2490 hibernant
915 2427 1017 2509 (solio
1045 2450 1128 2494 aeos·

83 2538 92 2565 '⁵
126 2547 306 2628 momen,
322 2542 469 2627 frondes
483 2543 712 2633 lu'bcrnaotea),
735 2546 873 2611 simulac
885 2543 1045 2611 fabricam
1066 2546 1127 2611 sti-

83 2670 90 2749 ξ
130 2663 211 2738 illum
225 2675 256 2731 et
268 2665 455 2753 glabritiem
466 2666 611 2755 reliquis}
619 2665 721 2752 magis
737 2666 919 2747 intendunt,
936 2657 967 2730 et
981 2665 1127 2753 aliquem

112 2760 241 2851 'nitorem
276 2795 308 2856 et
338 2786 484 2851 virorem
513 2787 669 2868 induunt,
711 2784 774 2852 alin
800 2795 872 2850 rato
902 2762 1126 2851 defoliationis

127 2895 259 2988 tetupote,
282 2904 405 3002 pallido
427 2905 584 2993 languore
606 2903 731 2971 suffusa
749 2905 894 2986 cadunt,
930 2904 998 2971 sive
1027 2906 1127 2970 aesti-

126 3025 191 3121 taat
212 3026 321 3092 solum
348 3030 423 3114 (sol.
444 3023 564 3104 annua,
601 3027 735 3118 decidua
755 3028 848 3103 DC,
859 3028 999 3108 frondes
1029 3033 1126 3093 aesta·-

127 3144 224 3233 ”ootcd
246 3157 280 3213 et
300 3169 364 3235 pro
386 3149 575 3215 insertionis
595 3148 798 3227 rudimento,
835 3135 1050 3211 cicatriculam
1072 3169 1126 3212 se-

125 3254 338 3334 mloircularem
365 3266 532 3334 fuscam
522 3291 557 3333 m
590 3269 710 3333 cortice
736 3264 940 3352 relinquunt.
1005 3266 1126 3347 Quoad

125 3387 327 3479 waratonem
341 3393 430 3472 solia
446 3392 676 3475 primordialia
697 3387 816 3475 primis
838 3385 1002 3474 plantulae
1022 3386 1125 3451 semi-

124 3492 188 3567 naus
199 3506 284 3574 illico
298 3510 476 3576 succedunt
494 3510 606 3592 initiis,
628 3531 742 3583 ccrmo
760 3508 964 3572 adscendenti
971 3499 1123 3595 appensa,
1194 3507 1196 3511 ’

124 3623 181 3678 ⁶¹
173 3645 234 3714 lpsa
255 3630 493 3719 cotyledonum
514 3616 783 3719 conjugationes.
804 3615 992 3718 paullulum
1012 3647 1124 3715 supra,
1226 3680 1229 3687 .

125 3737 216 3816 ‘lolius
247 3750 383 3818 alterno
407 3753 612 3841 prodeuntia,
657 3773 734 3816 cum
767 3748 942 3836 reliquis
932 3770 968 3811 m
1002 3744 1124 3813 frutice
1166 3764 1184 3823 ἰ

124 3836 230 3936 tdulto
245 3872 447 3939 succedaneis
485 3884 559 3949 tum
587 3871 697 3960 figura
722 3869 895 3957 generali
903 3878 976 3932 tum
1001 3863 1125 3929 fabrica

123 3963 265 4077 ilitlot,
257 3993 417 4091 marginis
438 4004 471 4060 et
493 3992 613 4061 coloris
633 3992 761 4059 ratione
783 4005 938 4076 congrua,
971 3983 1105 4051 basi
1062 3993 1124 4049 s

793 4137 798 4149 1
893 4095 917 4156 8
