2460 4634
394 356 534 405 examen
555 337 765 402 succinctum.
1053 348 1095 409 27

14 554 29 585 1
65 526 236 613 subeunte,
272 528 304 618 1)
336 527 446 594 folioli
465 526 688 617 parenehyma
709 549 786 592 eum
806 530 916 595 nervis
939 532 1093 619 venisque

10 732 21 741 ·
63 650 245 738 interjectis
266 648 378 727 simul,
409 648 583 738 hyalinum
605 644 721 732 evadit,
767 670 844 714 eum
867 650 1012 737 quodam
1032 651 1098 720 fla·

15 856 19 861 Ι
61 793 144 840 vore
166 770 279 860 pallet,
313 771 394 835 dum
416 770 626 854 exsieceatur,
659 770 765 857 magis
785 771 882 859 riget,
916 781 947 836 et
969 771 1094 839 sivein

10 890 25 943 ³.-
62 893 310 980 alteraquaque,
333 892 461 981 saepius
476 902 595 957 tamen
615 892 652 955 in
674 890 832 957 inferiore
853 893 921 958 site
948 892 983 956 in
1002 902 1094 958 utra-

10 1002 19 1063 '1
62 1032 131 1100 que
152 1010 264 1077 folioli
284 997 410 1102 pagina·
423 1011 547 1100 prodit,
576 1024 609 1078 et
629 1012 734 1077 virori
754 1013 890 1102 paginae
912 1013 1093 1101 superioria

61 1133 241 1222 oppositus
276 1131 393 1213 foliola
419 1137 584 1203 ¹discolora
615 1157 641 1197 e.
672 1154 712 1197 eo
749 1133 904 1220 utrinque
942 1106 1091 1218 exoue‘eo,

59 1247 223 1341 utrinque
258 1259 497 1340 gtaaeeaoenta‘a
533 1276 564 1321 v.
600 1253 915 1341 concolori-glauca
947 1253 1092 1320 exhibet.
1118 1342 1127 1350 „
1182 1282 1204 1342 „¹

37 1362 101 1460 ’2)
131 1373 257 1439 Foliola
284 1398 302 1438 a
329 1368 558 1462 glandularum
580 1375 764 1465 *secretione
795 1373 1005 1464 hypophylla
1033 1376 1092 1440 de-

60 1490 203 1561 flectunt
235 1518 374 1584 eamque
395 1518 474 1563 vero
495 1498 532 1561 in
558 1495 694 1586 petiolis
724 1507 756 1562 et
783 1497 932 1583 margine
960 1490 1091 1584 augent.

58 1615 97 1704 3)
133 1615 245 1682 Petala
288 1617 432 1684 corollae
471 1640 582 1683 rosam
604 1617 850 1683 ‘saturatiorem
890 1617 1091 1706 plerumque

60 1737 219 1821 subeunt,
241 1735 356 1802 habitu
377 1761 513 1826 prorsus
537 1739 643 1804 alieno
666 1737 844 1824 decipiunt.

147 1857 219 1923 Nee
251 1881 270 1922 a
303 1858 428 1948 pube,
442 1852 564 1924 rameii
592 1869 625 1923 et
652 1857 799 1944 reliquae
831 1855 911 1922 illis.
927 1858 1091 1946 subjectae

10 2045 17 2057 ,¹
59 1989 172 2070 partes
194 1979 361 2044 immunes
382 1977 459 2044 sunt
479 1979 637 2065 illamque
663 2001 739 2044 raro
761 1965 830 2046 site
852 1991 986 2046 naturae
1009 2005 1091 2047 oon:
1115 1958 1117 1962 Ι

59 2111 223 2189 gruenter
243 2101 309 2165 sive
332 2100 436 2166 invito
459 2099 601 2164 induunt
624 2109 656 2164 et
678 2099 815 2164 demum
836 2101 905 2176 sive
917 2112 1091 2169 tenuatam

59 2230 196 2286 servant
216 2219 283 2285 sive
297 2242 435 2308 prorsus
450 2219 617 2309 abjiciant.
649 2216 735 2286 Hinc
748 2196 853 2309 pubes
867 2222 1090 2308 ramulorum,
1171 2301 1174 2311 Ι

26 2356 33 2365 ’
58 2358 166 2431 quam
188 2340 228 2405 cl.
248 2342 423 2426 La'ndleyae
446 2344 569 2427 (praef.
592 2339 659 2427 23.)
682 2364 746 2429 pro
776 2354 856 2408 nota
884 2345 995 2432 stiqiis
1018 2347 1090 2411 'eta-

58 2461 123 2528 bili
153 2483 191 2526 ae
217 2461 407 2527 inconeussa
436 2462 588 2544 declarat,
619 2462 794 2550 ancipitem
816 2465 956 2552 spondet
976 2467 1091 2531 notioe

54 2606 153 2664 uem,
192 2592 225 2646 et
252 2581 288 2647 in
305 2583 387 2647 ,aliis
417 2585 477 2664 (R.
507 2585 692 2668 bracteam)
725 2583 837 2671 stirpis
858 2583 1021 2672 naturam,
1055 2591 1096 2660 in.
1174 2652 1177 2657 ,
1225 2580 1228 2647 ἶ

61 2705 136 2772 aliis
156 2699 287 2768 formae
309 2703 535 2791 cujuscunque
555 2712 671 2767 notam
694 2706 752 2784 (Β.
783 2707 998 2792 berderafola'a,
1020 2732 1090 2773 ere-

58 2835 142 2902 tiea,
185 2826 427 2900 enmtselratica,
469 2812 601 2908 villosa)
638 2829 840 2910 era'opbloeaa
877 2826 976 2891 titulo
1003 2823 1089 2892 leio-

58 2944 203 3035 phloeae
223 2916 389 3033 ¹opposito
416 2945 659 3033 praemonitam
686 2945 926 3036 complectitur,
971 2948 1089 3037 stirpes

56 3089 202 3159 prorsus
224 3090 242 3132 e
262 3077 379 3130 natura
398 3065 662 3152 consanguineas,
698 3067 739 3131 ab'
768 3068 953 3133 auctoribus
980 3080 1091 3137 autem
1170 3050 1173 3055 ¹

59 3189 164 3274 longe
176 3199 330 3270 remotas,
350 3189 455 3252 amieo
472 3187 723 3275 comprehendit
737 3160 879 3274 vinculo,
902 3200 934 3254 et
946 3187 1091 3257 famiiiae

60 3313 270 3394 ,Jeroea'aw
306 3307 446 3382 ramulis
479 3320 631 3374 tomento
661 3309 853 3397 persistente
883 3311 1007 3376 vestitis
1037 3313 1091 3376 in-

60 3430 212 3518 signium
233 3429 404 3494 notionem
425 3427 587 3516 infringit.
620 3429 704 3494 Eam
725 3453 803 3497 vero
826 3431 923 3519 pubis
942 3433 1089 3513 sericeae,

59 3561 270 3617 tomentosae
300 3560 332 3614 et
358 3548 483 3637 pilosae
513 3550 549 3614 in
576 3550 713 3615 ramulis
745 3552 1004 3638 ambiguitatem,
1037 3550 1097 3617 vel‘

61 3674 105 3739 R.
129 3668 341 3736 berberifolia
363 3669 441 3753 sola,
464 3671 535 3736 aliis
556 3673 644 3768 notis
666 3673 817 3760 apprime
835 3673 1093 3759 recognoscenda

61 3792 245 3878 redarguit,
267 3791 330 3867 nisi
352 3791 509 3880 stirpium
531 3792 670 3857 aliarum
693 3793 861 3859 varietates
882 3791 1092 3879 eriophloeae
1190 3874 1196 3888 .

59 3910 262 4001 leiophloeis
285 3912 454 3999 oppositae
475 3913 686 3978 satisfaciant!

130 4031 216 4098 Pubi
237 4034 365 4122 saepius
385 4034 600 4127 interspersae
621 4044 700 4100 sunt
719 4054 780 4099 nee
806 4043 917 4098 tamen
938 4031 1037 4097 etiam
1058 4032 1093 4096 in
