2474 4644
457 333 598 387 examen
624 312 840 381 succinctum.
1058 326 1062 333 '
1120 302 1164 388 st

131 496 307 575 contractis
330 500 493 594 aphyllac‚
534 506 747 589 acuminatas,
778 504 919 573 alienam
939 503 1046 595 plane·
1064 526 1163 575 men·
1204 532 1211 547 ⁸

129 628 256 711 tiantur
289 623 435 717 figuram
476 635 510 692 et
551 604 754 697 bractearum
779 626 971 695 notionem
1014 627 1161 704 subeant.
1202 596 1220 638 ι’

76 764 83 770 ·
108 730 344 831 Ῥταθῐοιὴαε
363 745 593 835 proprietates,
617 732 688 813 aliis
710 758 822 815 tamen
840 747 997 842 plurimis
1019 748 1161 838 stipulae

127 867 395 946 obnoxiaesunt
414 868 704 957 vicissitudinibus,
725 869 844 957 quibus
865 869 1161 941 intercurrentibus

126 1011 244 1059 earum
264 976 359 1055 notio
381 986 529 1077 specialis
550 989 713 1055 turbatur.
756 989 925 1059 Differunt
946 1000 1057 1063 autem
1071 991 1160 1059 inter

125 1135 164 1179 se
184 1133 250 1201 pro
271 1110 360 1179 varia
379 1106 539 1177 facierum
560 1109 743 1194 latitudine,
765 1121 798 1179 et
820 1109 957 1198 quidem
981 1111 1019 1178 in·
1039 1110 1111 1180 aliis
1140 1135 1159 1179 a
1212 1141 1213 1145 ¹

90 1210 93 1219 Ι
126 1232 199 1300 basi
218 1230 298 1299 ind'e
320 1229 443 1296 sensim
469 1231 509 1296 ad
531 1230 691 1299 auriculas
704 1232 919 1315 decrescunt,
952 1231 990 1302 in
1018 1231 1089 1303 aliis
1117 1231 1157 1298 ab

127 1350 284 1418 auriculis
307 1349 485 1439 aequaliter
507 1363 699 1436 excurrunt,
736 1362 769 1418 et
798 1352 886 1418 inter
906 1350 967 1421 has
987 1353 1158 1434 varietates

127 1494 221 1541 nunc
244 1446 409 1537 latescunt
437 1482 470 1537 et
490 1471 526 1537 in
556 1471 790 1562 alteraquaque
818 1473 869 1539 ala
896 1471 1015 1562 petioli
1040 1444 1181 1539 latitu-¹

122 1594 240 1662 dinem
260 1592 312 1659 bis
334 1604 424 1660 terve
445 1604 610 1682 superant,
632 1616 720 1667 nuno
741 1595 788 1660 ita
812 1604 1035 1683 angustantur,
1056 1603 1158 1660 utne

127 1713 294 1804 petiolum
315 1714 451 1800 quidem
473 1703 612 1801 aequare
633 1716 815 1785 videantur.
868 1717 918 1782 Ad
938 1714 1021 1801 hono
1041 1689 1157 1781 latitu-

132 1836 245 1901 dinem
262 1812 455 1901 mutandam
474 1845 549 1899 tum
568 1835 725 1924 stirpium
737 1846 941 1928 naturatum
961 1836 1157 1902 varietatum
1179 1911 1182 1918 ¹

127 1940 258 2022 indoles
280 1954 404 2041 aliquid
425 1953 559 2040 faciunt,
588 1957 635 2021 ita
656 1967 696 2021 ut
716 1957 761 2024 R.
778 1955 908 2046 majalis
930 1967 1043 2024 nostra
1064 1980 1090 2021 s.
1112 1955 1154 2022 R.

123 2069 354 2166 cinnamomea
381 2099 481 2163 quam
508 2065 685 2162 Iiz'rrdleyus
707 2101 726 2145 a
745 2078 786 2145 R.
814 2075 926 2166 majali
953 2074 1084 2166 stipulis
1109 2073 1154 2141 li-

108 2170 281 2281 nearibus
306 2174 435 2284 insigni,
457 2196 588 2286 stipulis
609 2196 969 2286 dilatatisdignosoere
993 2195 1100 2287 jubet,
1131 2219 1153 2281 e

93 2329 254 2404 ‘natura
276 2299 362 2384 aliae'
385 2329 499 2385 autem.
517 2319 639 2408 species
666 2315 808 2384 lortuito
831 2319 968 2409 stipulis
995 2316 1153 2387 latescen-

118 2441 229 2523 tibus‚
252 2438 334 2505 aliae
354 2437 490 2521 iterum,
512 2463 556 2507 ex
577 2462 719 2527 quarum
740 2461 880 2507 numero
903 2440 944 2507 R.
962 2441 1153 2530 campestris

118 2561 223 2643 valet,
247 2560 422 2646 angustatis
441 2543 638 2650 praecellere
659 2558 785 2628 soleant
813 2584 950 2649 eamque
970 2561 1153 2630 latitudinis

121 2681 376 2770 ambiguitatem
396 2703 465 2750 non
485 2681 597 2748 solum
617 2682 655 2748 in
676 2681 824 2771 ciusdem
846 2682 958 2771 stirpis
987 2680 1152 2749 varictati-

122 2804 187 2871 bus
206 2802 267 2869 scd
290 2823 421 2890 quoque
442 2802 480 2868 in
501 2802 599 2868 variis
619 2803 767 2890 partibus
791 2802 835 2892 (v.
859 2826 886 2868 c.
906 2803 943 2869 iu
962 2801 1150 2868 turionibus

124 2935 162 2993 et
182 2921 320 2991 novellis
341 2921 457 3007 laetius
486 2922 583 2988 solito
613 2920 870 3010 assurgentibus).
905 2896 1069 2997 declarent
1096 2919 1150 2988 vel
1188 2946 1190 2950 ⁴

119 3044 227 3126 ctiam
269 3045 451 3111 secundum
473 3034 641 3109 ,indolem
660 3042 843 3134 .platy-ct·
869 3041 1150 3135 leptophyllinam

115 3154 353 3259 ¹profiteantur.
396 3163 556 3238 Similiter
577 3177 687 3234 autem
707 3164 749 3229 ad
762 3164 975 3252 longitudinis
987 3165 1150 3230 rationem

118 3285 267 3377 stipulae
288 3285 424 3370 variant,
461 3295 494 3351 et
514 3287 646 3379 nonnisi
667 3286 704 3353 in
725 3282 885 3372 ejudem,
902 3270 1016 3375 stirpis
1042 3285 1148 3352 varie-

116 3405 248 3475 tatibus
276 3406 321 3472 ita
346 3406 578 3494 regrediuntur
606 3417 640 3473 et
666 3406 923 3490 imminuuntur,
966 3415 1006 3470 ut
1034 3414 1149 3503 earum

116 3527 300 3618 longitudo
321 3526 540 3594 latitudinem
553 3525 659 3607 forme
681 3550 819 3614 aequare
839 3527 998 3594 videatur.
1048 3521 1148 3613 Ejus-

117 3649 219 3719 modi
241 3647 379 3738 stipulae
400 3673 469 3716 non
491 3649 601 3715 solum
615 3674 641 3737 a
661 3649 758 3716 solita
778 3647 951 3713 latitudine
977 3645 1034 3713 sed
1063 3666 1148 3731 quo-

98 3754 191 3860 ⁸que
213 3768 458 3858 allongitudino
481 3769 677 3849 deficientes,
704 3767 903 3858 singularem
923 3761 1073 3858 profecto
1094 3763 1148 3828 in-

102 3870 231 3965 ''duunt
251 3889 403 3957 habitum
424 3903 458 3958 et
479 3915 523 3959 ex
541 3905 659 3959 natura
678 3892 715 3957 in
734 3890 932 3980 quibusdam
960 3885 1044 3953 rosis
1071 3884 1149 3976 bar-

116 4004 209 4080 baris
232 4011 286 4102 (ue
307 4008 479 4105 Banksiae,
508 4015 674 4103 laevigata,
702 4013 812 4098 sinino,
834 4029 979 4094 reotnva,
1002 4005 1148 4092 setigera,
