2474 4644
584 130 592 169 Ι

168 334 211 399 82
251 344 254 351 “
468 325 616 410 Pettium
636 294 742 409 Rosea
763 323 895 393 fruticis

81 537 87 564 ¹·
167 543 206 586 aa
226 511 422 600 inconditae,
444 526 611 591 euastata
632 517 763 584 corticis
784 512 952 585 laevorem
980 500 1132 608 penitus¹
1147 523 1193 588 in·

66 704 68 708 ,
168 647 300 708 vertunt·
330 647 362 702 et
383 642 508 721 faciem
536 628 691 725 rugorumv
716 663 742 704 s.
770 643 868 704 sulcia
896 648 1071 707 caecatam
1102 643 1192 723 indu·

168 772 262 842 eunt3
290 760 327 843 2)
345 749 535 844 vegetabilia
557 760 730 848 quaepiam
751 761 929 844 eyrctropim
950 779 993 824 ex
1015 758 1192 848 lungorum

169 872 302 960 ordiner
337 877 456 943 aculeis
486 871 784 951 contabescentibus
813 901 845 945 v.
869 901 897 944 e.
941 873 1102 966 Sphaeria
1125 894 1192 940 acu·

71 975 74 982 ¹
168 1002 307 1069 loorum·
332 1003 392 1063 Fr.
423 1008 455 1062 et
484 997 559 1065 alii'
577 998 850 1088 hyphomycetes‚
879 1008 998 1063 tumeo
1031 997 1192 1082 ramisque

168 1119 354 1209 vigentibus
403 1117 558 1205 quidem,
595 1089 765 1207 ‘vigorem
805 1130 916 1185 tamen
968 1115 1222 1203 infringentes,-

86 1316 90 1321 ,
167 1238 397 1309 Phloeoscoria
425 1256 499 1304 mea
519 1239 693 1318 Rosarum,
731 1238 918 1328 complures
935 1237 1130 1326 'Sphaeriac
1166 1245 1193 1303 ct

167 1363 312 1443 Pezizac,
347 1358 645 1448 Alphitomorphae
666 1380 829 1448 pannosae
850 1381 941 1424 meae
963 1381 1030 1425 var.
1055 1352 1194 1446 epicaula

168 1494 201 1549 et
222 1482 262 1547 al.
286 1479 468 1569 ejusmodi3
503 1470 754 1565 astructorem
775 1501 935 1566 opere-ex
956 1480 1037 1574 ictu·
1046 1478 1194 1568 primum

164 1603 258 1670 illata
279 1611 312 1668 et
332 1599 638 1693 metamorphoseos
669 1622 732 1689 ope
760 1611 792 1665 et
813 1599 1025 1688 vegetationis
1048 1599 1118 1663 nisu
1138 1596 1193 1659 in-

53 1732 56 1740 '
107 1698 133 1729 ,¹
168 1740 265 1791 verso
287 1720 425 1804 favente,
447 1730 600 1786 naturam
622 1720 836 1808 vegetabilem
858 1720 1062 1785 mentientia.
1099 1714 1188 1781 Inter

167 1845 223 1912 illa
261 1842 441 1930 antiquitus
478 1840 632 1907 inclaruit
661 1839 783 1932 fungus
812 1841 858 1906 sic
886 1841 991 1906 dictus
1021 1840 1193 1925 Bedegucr

89 1947 95 1951 ⁵
167 1971 373 2052 officinarum
395 1962 547 2046 (spongia
568 1965 737 2046 cynorbctc'
757 1965 854 2046 offic,
887 1965 1059 2046 spongiola
1083 1965 1120 2026 irc
1139 1982 1193 2044 oy·

167 2088 300 2150 norbato
322 2084 422 2158 Plz'a„
446 2079 667 2169 Seklaflmuz),
701 2064 903 2170 plerumque
936 2066 1193 2171 asDiplolepide

65 2176 68 2181 .
91 2260 98 2271 ..
166 2206 271 2273 Rosae
292 2212 434 2291 paratus,
458 2213 554 2267 extus
575 2223 663 2267 nune
683 2202 897 2268 nudiusouius
919 2224 1007 2266 nune
1028 2201 1193 2289 glandulis

54 2413 57 2421 Ι
168 2324 359 2412 compositis
382 2321 580 2388 difformitcr
609 2323 794 2389 intertextis
823 2323 1064 2406 inhorrescens,
1102 2323 1214 2388 intur

166 2446 373 2511 indurescens
397 2453 430 2508 et
450 2442 670 2522 vermiculum
686 2445 875 2525 recondens,
899 2467 916 2508 a
938 2443 1004 2530 pisi
1027 2443 1069 2507 ad
1090 2441 1192 2531 pugni

166 2564 296 2630 molem
317 2563 454 2648 varians,
483 2571 615 2652 praeter
635 2587 756 2648 ramos,
785 2563 877 2631 foliis
901 2585 1045 2651 quoque,
1075 2562 1191 2652 sepelis

166 2686 311 2776 ipsisque
341 2682 507 2749 alabastris
538 2706 752 2751 succrescens.
817 2684 972 2751 Rariores
990 2685 1038 2748 *iri
1064 2681 1191 2750 foliolis
1229 2746 1231 2751 .

59 2874 66 2885 ,
99 2832 112 2843 “
167 2818 200 2874 ct
228 2805 361 2897 petiolis
398 2804 501 2893 gallae
521 2884 523 2889 ,
543 2804 744 2894 pisiformes,
794 2805 910 2870 nudae.
940 2826 943 2833 ·
976 2804 1191 2898 Supervcf

165 2929 284 2993 niunt
306 2928 446 3013 denique
469 2925 531 2992 alia
551 2949 761 3012 quaeeunque
782 2924 973 3012 vegetabilia
1003 2922 1189 3014 syntrophe
1229 2978 1231 2989 .

166 3048 314 3112 maxime
333 3068 380 3112 ox
409 3045 578 3110 lichenum
606 3045 733 3111 familia
754 3056 787 3110 et
810 3043 1022 3132 epidermidis
1051 3044 1192 3134 pollicu-
1229 3102 1231 3113 .

163 3167 232 3232 lam
254 3168 294 3232 ad
317 3165 371 3230 illa
393 3166 584 3254 excipienda
605 3188 782 3252 congruam
803 3165 1010 3232 investiunt..

228 3287 347 3355 Folia
369 3286 535 3351 Rosarum
557 3288 737 3352 secundum
758 3297 871 3352 ortum
891 3286 1017 3352 variant
1038 3295 1074 3352 et
1090 3288 1126 3371 1)
1143 3307 1196 3353 re·

162 3408 296 3474 minalia
323 3431 349 3472 s.
382 3405 602 3495 cotyledones,
641 3419 673 3472 et
693 3407 727 3497 2)
750 3407 831 3473 folia
858 3408 995 3495 proprie
1022 3406 1071 3471 sic
1110 3407 1197 3499 dicte

163 3541 249 3596 sunt.
293 3532 590 3611 Feneratricem,
613 3529 723 3618 prima
740 3528 909 3617 plantulae
927 3525 1095 3592 seminalis
1119 3549 1199 3615 gen-

67 3680 74 3692 ·
163 3653 256 3717 mina
277 3644 421 3738 opigaca‚
462 3648 630 3714 anodulo
659 3647 798 3715 rhizode
827 3647 968 3735 longius,
1004 3647 1145 3715 nonnisi
1178 3654 1196 3717 1

163 3808 205 3820 -
227 3779 249 3838 2
268 3771 382 3836 uncias
401 3779 531 3835 remota
550 3769 665 3855 illique
685 3770 834 3859 propria,
865 3766 1200 3856 dicotyledoneomm

162 3908 267 3969 more,
311 3889 388 3954 bina
411 3891 562 3981 opposita
592 3901 678 3974 sunt,
715 3889 829 3972 oralia,
866 3889 1016 3970 indivisa,
1059 3899 1201 3976 praeter

163 4003 406 4075 denticulorum
443 4011 631 4076 rudimenta
673 4006 966 4097 glandulaeformia
1005 4009 1201 4096 marginem
