2474 4644
439 342 582 398 examen
608 331 825 401 succinctam.
1101 339 1158 407 63*

101 506 154 591 ‘titt
171 523 282 613 petala
304 519 440 590 amicius
461 518 645 607 foveantur,
668 523 799 610 parcius
820 522 991 592 dominare
1017 524 1147 612 vestita,

121 652 187 737 pto
207 644 326 736 petalis
356 642 575 732 concipiendis
614 662 763 732 concava,
798 642 880 712 faeie
902 655 1037 712 externa
1065 670 1148 715 oon-

98 784 212 850 vexa
232 785 414 833 nervorum
434 762 572 829 reticulo
595 764 748 853 depresso
771 788 797 830 s.
828 774 960 831 exartao
988 760 1146 856 inscripta

98 910 121 961 r.
98 842 344 974 igladulisque
379 884 534 975 stipitatis
558 885 789 972 granulatisre
823 884 1001 975 pedunculi
1040 886 1145 954 instar

98 990 109 1069 i·
121 1002 286 1092 'obsessa
292 1008 362 1074 sive
381 1026 428 1072 ex
461 1026 564 1072 nervo
593 1005 790 1073 intermedio
818 1007 922 1093 magis
950 1007 1145 1095 pmminnio

101 1124 132 1181 ,3⁵
143 1116 231 1194 solum
249 1129 377 1195 nutrita
399 1131 525 1213 (rapula
546 1130 698 1211 costato),
723 1128 761 1193 ab
776 1125 1018 1193 alabastrorum
1031 1139 1144 1195 matu-

98 1264 101 1295 1
141 1250 239 1316 rorum
258 1249 437 1316 substantia
459 1247 562 1314 aliena
584 1259 617 1314 et
639 1249 679 1315 ad
699 1247 834 1335 figurae,
863 1247 1069 1332 integritatis,
1089 1249 1144 1314 di·
1168 1270 1188 1309 ·.

120 1350 270 1441 'moenis
292 1371 442 1457 vitaeque
462 1369 617 1453 rationes,
656 1342 768 1437 varia
799 1372 929 1454 Figura
952 1368 1145 1458 sepalorum

116 1486 234 1556 ebat
247 1491 469 1586 potissimum
479 1501 515 1555 et
532 1491 637 1578 apiae,
660 1512 735 1554 cum
749 1511 816 1576 quo
831 1489 1040 1573 terminatur,
1061 1511 1144 1555 oon-

125 1580 234 1676 iioitnr
257 1623 291 1677 et
317 1611 405 1677 inter
433 1619 562 1675 oratam
591 1621 623 1674 et
650 1590 862 1676 larioeolatam
884 1610 1032 1698 ambigit,
1066 1633 1147 1678 oum

114 1724 353 1802 alabastrorum
373 1728 478 1818 figura
499 1729 631 1818 speciali
659 1729 787 1820 saepius
816 1729 952 1818 quidem
980 1732 1145 1818 congruit,
1171 1770 1173 1776 -
1210 1803 1213 1807 .

105 1846 253 1943 'ambiri
282 1845 361 1918 vero
397 1850 528 1938 gravius
565 1850 604 1915 ab
632 1849 690 1917 illa
719 1851 894 1940 discrepat.
957 1851 1073 1940 Sepaia
1098 1852 1146 1919 ita

120 1966 267 2057 figmata,
301 1983 334 2038 et
364 1971 499 2061 quidem
526 1968 594 2058 jam
616 1970 798 2038 abbreviata
824 1982 861 2038 'et
882 1972 1026 2038 exactius
1049 1983 1145 2041 ovata

119 2088 193 2182 jam
220 2091 362 2179 elongata
391 2091 563 2185 magisque
578 2089 768 2158 ianceolata
796 2093 900 2158 etad
927 2093 1078 2181 figuram.
1098 2093 1144 2162 li-

124 2210 253 2278 niarem
287 2213 463 2296 tendentia,
497 2235 584 2277 nuno
613 2212 649 2276 in
676 2209 807 2302 apicem
834 2213 973 2304 abrupte
1008 2234 1146 2281 muero-
1226 2273 1228 2277 ,

119 2338 245 2417 'natum
264 2334 459 2422 perbrevem
480 2317 661 2399 excurrant
689 2332 871 2423 {aciemque
901 2335 1067 2425 internam
1095 2337 1144 2402 ei-

98 2444 200 2519 ÷¹mnl
228 2452 432 2537 contrahant,
475 2473 562 2518 nuno
597 2454 718 2524 sensim
745 2459 966 2522 'attenuantur
1000 2466 1034 2523 ot
1066 2476 1145 2523 anm

98 2575 104 2641 i
122 2579 125 2587 '
142 2570 225 2641 'narro
244 2574 354 2640 medio
374 2575 412 2671 in
434 2575 577 2639 carinam
598 2587 762 2642 contracto
784 2576 915 2661 finiunt,
937 2575 990 2643 vel
1009 2576 1045 2641 in
1065 2598 1146 2643 mu-

98 2716 105 2760 r
128 2690 255 2762 ‘nonem
275 2697 406 2780 abeunt,
441 2717 530 2760 nune
557 2695 660 2762 invita
686 2707 802 2763 natura
823 2688 1007 2786 in'apicem
1029 2695 1144 2765 dilata-

98 2816 119 2880 s
149 2817 204 2877 inm
221 2816 402 2904 elongatum
422 2813 560 2905 pianum
581 2817 825 2902 seminatum,
853 2816 927 2884 folii
955 2817 1059 2883 instar
1082 2840 1145 2884 ex·-

98 2956 104 2997 r
150 2948 261 3014 pansum
281 2938 512 3026 producuntur
529 2917 776 3023 (sasob‘aeea),
793 2936 862 3006 sive
892 2938 1058 3007 rarissime
1086 2940 1145 3006 sti·

98 3053 109 3121 i.
150 3046 275 3133 pillarum
310 3034 413 3124 instar
445 3057 480 3122 in
523 3057 685 3124 auriculas
727 3069 875 3150 patentes
919 3059 1146 3150 bipartinntnr

132 3163 259 3268 diraque
276 3178 364 3244 miro
385 3178 610 3253 mutabilitatis
638 3179 716 3245 lusu
743 3181 918 3268 degeneres
936 3191 1061 3247 ‘exarto
1088 3205 1146 3248 re·
1232 3202 1233 3206 ’

149 3278 246 3382 struat,
285 3300 322 3388 in
355 3299 513 3366 monstris
550 3286 711 3389 acephalis
748 3312 868 3387 antam,
912 3303 949 3366 in
981 3299 1145 3368 foliorum

149 3416 271 3486 totamm
291 3423 502 3489 invertuntur
531 3432 564 3503 et
591 3422 680 3488 inter
708 3423 849 3512 stipulas
874 3421 989 3488 foliola
1018 3421 1145 3512 petioio

150 3544 261 3616 *Ppensa
278 3543 417 3609 trudunt
436 3543 629 3628 (monstrum
640 3532 922 3630 phyllosepaloba).
966 3546 1147 3629 Integritas

149 3662 299 3729 generatim
319 3664 365 3730 ita
394 3662 566 3752 dijudicari
599 3663 686 3749 lioet,
720 3675 760 3729 ut
787 3663 894 3753 sepala
920 3665 1033 3729 omnia
1059 3685 1147 3728 nuno

147 3769 381 3870 integerrimas.
400 3790 570 3887 εἰπιρὶιᾞσια
579 3789 760 3869 conformes
778 3782 900 3873 (Rosos
924 3786 1148 3870 homoeosapa-

146 3886 226 3988 ime)
238 3926 319 3973 nuno
331 3928 409 3973 cum
421 3903 487 3973 illis
504 3903 620 3974 ordine
632 3906 757 3973 alterno
766 3894 1037 4015 appendiculam
1028 3927 1050 3968 1.
1062 3927 1089 3968 e.
1103 3924 1146 3968 ex
1219 3956 1221 3961 .

145 4025 387 4135 appendisibuss.
397 4028 523 4096 laciniis
530 4026 872 4110 linearibasfoliaceia
892 4024 981 4093 varie
997 4023 1146 4111 figuratis
