2460 4634
64 314 66 327 ξ
153 330 195 394 18
442 323 592 389 Partium
612 322 718 388 Rosae
738 290 865 388 fruticis
1124 286 1130 292 ι
1214 26 1220 361 l

151 513 289 583 ramulis
325 510 483 579 floriferis
524 522 634 577 auctos
669 509 798 597 aliquot
838 522 1007 599 spargunt,
1048 485 1177 579 fruticis

151 648 303 702 naturum
337 654 425 698 nuno
461 630 636 720 perficiunt
674 653 811 717 eamque
846 642 921 697 tum
947 631 1011 696 his.
1029 633 1177 720 partibus

130 726 225 823 xtuin
252 767 371 819 trunco
401 734 544 817 subnixo
576 761 608 815 et
635 751 742 816 radice
769 744 907 837 lignosa,
941 749 1058 835 fusca,
1083 753 1177 842 longe

45 910 49 921 ¹
150 878 279 966 lateque
299 883 513 964 procurrente
528 872 751 959 turionesque
772 871 919 937 defossos
947 897 973 938 s.
1002 892 1177 961 emergen-

150 1011 200 1089 tes
222 984 430 1077 sustentante,
451 993 588 1082 perenni
609 995 722 1077 (radic
750 999 946 1076 trarn‘onr'sern
974 995 1094 1077 Mz'rb.)
1124 994 1178 1061 de-

87 1112 89 1119 ’
152 1122 284 1189 clarent.
351 1115 567 1181 Turlones
602 1115 740 1196 (radicis
776 1119 870 1178 ocell'
901 1116 1001 1189 Pisa,
1040 1116 1178 1180 Wurzel·

19 1272 33 1297 2
148 1242 289 1323 sciense)
331 1234 435 1304 veluti
455 1256 604 1322 gemmae
623 1233 788 1317 radiculos,
811 1235 966 1300 eradicis
988 1233 1059 1300 basi
1074 1245 1180 1323 terrm
1218 1318 1222 1339 ¹

64 1393 68 1398 ’
139 1361 289 1446 defossa,
312 1378 522 1453 uerrucarum
543 1353 896 1443 instarpropullulant,
918 1353 1073 1441 primum
1087 1355 1180 1423 vulda
1219 1372 1222 1387 '

108 1482 114 1497 ⁹
150 1491 295 1570 turgent,
336 1500 424 1568 nunc
459 1474 563 1541 dilute
598 1476 719 1541 rubent
752 1497 839 1539 nunc
875 1474 1044 1567 straminis
1076 1476 1181 1542 instar

150 1602 338 1670 fuscescunt
360 1620 436 1664 cum
454 1596 602 1684 squamis
624 1595 802 1689 imbricatis
825 1593 1068 1683 concoloribus,
1098 1584 1176 1662 ilein

150 1706 229 1795 vero
260 1721 401 1791 strictius
430 1729 463 1785 et
491 1717 662 1806 procerius
692 1739 792 1804 quam
820 1714 900 1781 aliae
926 1726 1039 1804 partes
1066 1736 1173 1783 assur·

147 1851 243 1936 'gunt
273 1843 453 1910 sectmdum
481 1840 606 1906 verium
634 1837 777 1903 matricis
803 1835 939 1921 molem,
974 1838 1082 1925 magis
1109 1836 1201 1903 mi·-

36 1953 40 1961 ’
149 1948 250 2033 nusve
280 1963 468 2028 adolescunt
496 1981 532 2023 ac
559 1957 799 2045 producuntur,
818 1956 1036 2045 plerumque
1064 1968 1182 2025 temen

56 2062 60 2074 Ι
150 2083 297 2154 annotini
318 2080 488 2168 insigniter
514 2077 715 2144 invalescunt
740 2080 833 2161 (vr'tr'a
855 2101 949 2143 rosae
971 2079 1088 2163 Pisa),
1125 2079 1182 2145 in·

75 2212 78 2217 ’
149 2205 242 2274 ferne
255 2203 382 2289 aliquot
397 2201 539 2286 squamis
560 2199 717 2282 scariosis,
739 2199 875 2281 obtusis,
893 2197 1008 2297 ¹fuscis,
1031 2199 1181 2267 deciduis
1220 2234 1224 2247 ·

149 2338 183 2398 et
203 2314 293 2409 foliis
315 2321 489 2410 stipulatis,
512 2319 642 2385 alternis
665 2330 697 2384 et
718 2319 881 2408 spiraliter
903 2320 1081 2408 dispositis,
1103 2344 1182 2391 ma·

148 2446 287 2536 joribus,
323 2463 464 2531 superne
482 2442 586 2528 magis
609 2440 821 2522 condensatis,
857 2440 1043 2507 internodia
1071 2444 1181 2532 magis

147 2569 300 2636 minusve
342 2563 573 2652 approximate
619 2562 893 2648 distinguentibus
939 2584 1017 2628 cum
1054 2563 1179 2631 aculeis

83 2654 86 2665 Ι
148 2689 304 2782 plurimis
322 2687 392 2752 sine
406 2685 522 2750 ordine
536 2683 690 2772 dispersis
703 2680 876 2769 formaque
889 2662 987 2748 'variis
1001 2677 1180 2768 ornentur,

150 2822 183 2880 et
217 2809 358 2896 denique
385 2817 463 2896 post
489 2804 670 2889 solstitium
706 2805 845 2894 gemmis
877 2803 1181 2891 intrastipulnribus

150 2942 320 3018 augentur,
343 2950 386 2994 ex
408 2928 526 3014 quibus
541 2927 657 2991 eodem
673 2948 756 2990 anno
777 2924 868 3007 folia,
891 2904 1182 3011 sequenti'ramuli

150 3059 332 3134 emergunt,
356 3047 414 3133 qui
436 3047 551 3111 itidem
572 3046 670 3110 tertio
692 3046 728 3109 in
747 3067 858 3108 ramos
880 3056 913 3110 et
933 3045 1021 3109 turio
1043 3045 1118 3133 ipse
1144 3048 1184 3114 in

147 3182 302 3236 truncum
324 3168 551 3247 immutantur,
574 3165 614 3229 ad
634 3164 733 3230 flores
754 3163 944 3252 fructusque
958 3163 1184 3275 prqfcrendos

149 3290 319 3356 idoneum.
343 3284 588 3374 Rosneprorsus
598 3285 777 3352 triennium
788 3285 960 3352 infruticis
973 3289 1183 3380 ¹vegetatione

55 3468 58 3473 .
150 3406 358 3477 informanda
379 3417 578 3472 consumunt
591 3417 624 3472 et
641 3407 782 3473 totidem
802 3407 903 3473 studio
918 3394 1108 3493 decurrunt,
1130 3410 1183 3478 ita

148 3541 189 3597 ut
212 3514 285 3595 illae
298 3536 390 3615 'quae
411 3551 452 3613 „e
471 3528 595 3594 semine
608 3529 792 3595 tardissime
807 3524 1028 3618 proveniunt“
1041 3525 1181 3620 (Pan.)
1217 3564 1222 3575 ·

148 3651 260 3740 primo
297 3671 381 3714 anno
416 3648 452 3712 in
480 3648 729 3737 cotyledonibus
756 3649 985 3733 informandis,
1019 3670 1104 3736 qnae
1133 3671 1182 3716 ex

132 3781 280 3858 ‘gemma
299 3769 433 3839 radicali
454 3769 694 3859 propullulant,
726 3771 762 3836 in
783 3771 983 3853 turionibus,
1016 3780 1182 3858 utraeque

149 3888 251 3959 altero
267 3890 309 3972 ⁴in
321 3892 470 3979 -gemmis
492 3889 730 3978 concinnandis,
766 3892 866 3958 tertio
896 3891 1034 3957 demum
1055 3889 1094 3955 in
1119 3913 1181 3958 ra-

49 4080 54 4089 ,
147 4009 249 4079 mulis
269 4008 438 4115 floriferis,
459 4014 561 4081 ramis
571 4023 758 4104 truncoque
772 4013 921 4080 subnixis
933 4009 1184 4100 recolligendis,
