2460 4634
145 323 187 388 54
346 322 363 415 '-
431 276 581 417 Partium
600 311 707 381 Rosae
726 287 855 381 fruticis
912 362 918 381 .

207 505 418 575 bracteae.
460 500 551 570 Folia
562 525 720 593 suprema
733 501 859 570 florum
873 499 1073 593 pedunculis
1086 502 1157 573 subf-

144 623 227 715 jeeta
259 625 332 711 (sel.
346 626 510 713 floralia),
546 646 629 713 quae
648 615 856 691 'foliclorum
885 645 1030 693 numero
1056 626 1156 695 deure-

144 725 261 813 scente'
274 745 469 836 stipulisque
489 745 525 841 in
552 743 712 810 auriculas
741 744 1004 832 excurrentibus,
1037 745 1154 813 aiente.
1182 770 1185 775 ·

20 850 30 865 ’
69 944 71 948 .
144 860 428 959 praemonuimus,
471 866 603 956 penitus
631 866 873 952 immutantur,
898 887 989 932 nunc
1004 862 1156 967 foliolum

102 1034 105 1043 ,
144 1008 251 1091 uuum
273 984 455 1052 alterumve
481 985 538 1052 het
525 982 784 1122 terpmorphum
807 987 1067 1071 transmittunt,
1084 1006 1157 1066 mun

145 1105 208 1172 hoc
230 1128 362 1194 quoque
383 1127 519 1172 excusso
520 1107 653 1196 ,partis
667 1107 823 1197 propriae
844 1107 989 1174 subeunt
1008 1106 1154 1221 naturate,
1175 1172 1178 1177 .

146 1227 236 1316 apice
266 1225 448 1292 coalescunt
475 1238 578 1316 utque
604 1228 668 1294 rite
693 1227 883 1317 figurentur
910 1248 955 1295 ox
986 1227 1067 1296 nisu
1095 1212 1179 1311 eutr,

120 1368 122 1372 ⁴
145 1344 276 1436 stipulis
298 1347 472 1413 obtusis
447 1369 516 1414 srve
537 1349 571 1413 in
593 1348 755 1415 auriculas
775 1348 942 1417 reclusis
932 1369 1080 1435 mverso,
1108 1366 1157 1421 ex·¹

44 1512 49 1531 .
122 1464 335 1543 acuuntur.x
384 1468 470 1533 Hinc
495 1468 640 1536 bracteae
658 1492 746 1535 *cum
763 1468 912 1560 ,stiprrlis
947 1479 1026 1536 tum
1050 1467 1159 1537 fabrice

64 1655 67 1673 ,
101 1614 106 1631 ’
146 1590 274 1659 interna
294 1599 371 1655 tum
397 1587 508 1654 colore
537 1601 569 1656 et
596 1591 803 1677 consistentia
832 1601 1029 1678 congruunt,
1065 1600 1105 1657 ut
1123 1588 1160 1659 itt

97 1736 101 1742 ·
146 1710 253 1776 dicam
289 1720 414 1798 utque
429 1709 536 1775 Rosae
568 1711 746 1778 bracteatas
783 1709 937 1801 exemplo
974 1684 1178 1809 illustrem,

145 1830 293 1922 stipulae
312 1827 359 1897 fic
338 1842 473 1920 guratae
508 1842 585 1896 sunt
611 1805 901 1920 pedunculumque
927 1831 1048 1901 eodem
1076 1831 1163 1925 plana

146 1951 250 2021 modo
277 1952 433 2017 muniunt
459 1975 496 2016 ac
523 1949 677 2053 fulciunt,
714 1974 792 2040 quo
807 1960 991 2064 gemmas.
1021 1952 1165 2033 ramulus

143 2092 190 2141 ex
211 2069 286 2136 illa·
283 2093 466 2159 ·cmergens
494 2070 560 2136 illis
585 2071 749 2158 munitur,
785 2072 854 2140 sive
879 2071 1052 2157 ramulum
1072 2098 1093 2141 a
1111 2096 1167 2166 pc·

147 2189 290 2257 dunello
309 2190 462 2256 similiter
476 2191 637 2276 dividunt,
660 2195 744 2258 sicut
758 2168 839 2260 nodi
854 2192 1080 2271 ramulorum
1078 2218 1167 2285 gern-

43 2309 48 2328 ’
145 2308 266 2383 miseri
280 2309 411 2400 stipulis
433 2310 689 2400 distinguuntur.
721 2313 883 2399 Bracteae,
907 2337 989 2403 quae
1003 2298 1170 2406 speciatim

57 2490 59 2494 Α
146 2432 183 2498 in
203 2454 395 2499 communes
417 2455 537 2523 easque
555 2433 697 2522 majores
719 2446 869 2500 externas
891 2411 992 2524 inque
1018 2437 1170 2528 proprias

146 2528 341 2620 emineres
364 2564 396 2619 et
417 2554 560 2652 internas
583 2553 778 2644 (bracteolas
798 2558 886 2642 Dc.)
913 2550 1170 2646 distinguenti,

60 2654 63 2659 ⁶
144 2673 306 2740 differunt
327 2674 414 2741 inter
435 2698 471 2740 se
492 2673 607 2762 figura,
629 2676 715 2759 sede,
739 2676 965 2765 dispositione,
987 2676 1169 2763 duratione,

24 2812 26 2819 ⁴
146 2817 288 2893 numero
311 2806 343 2861 et
364 2795 487 2879 colore,
517 2817 697 2883 omnesque
719 2818 800 2884 quas
821 2807 951 2885 practer
972 2798 1171 2887 stipularum

146 2911 292 2983 indolem
313 2916 463 2984 obtinent
483 2916 691 3001 mutationes,
715 2939 758 2984 ex
773 2893 877 3004 partis
888 2927 1005 2983 natura
1018 2908 1169 2986 subeunt.

150 3040 336 3103 Communes
363 3039 399 3102 in
426 3038 620 3103 universum
648 3047 801 3105 mutuam
838 3036 1065 3124 quadantenus
1096 3060 1169 3107 cum

146 3154 271 3223 foliolis
298 3154 419 3222 habent
445 3156 641 3223 relationem
669 3158 811 3246 ideoque
839 3158 969 3224 easdem
993 3157 1093 3248 plane
1121 3162 1171 3227 in-

148 3287 226 3343 eunt
260 3277 470 3363 mutationes,
506 3277 627 3365 quibus
667 3256 748 3346 haec
782 3277 931 3349 obnoxia
969 3274 1170 3348 reddunturz

147 3360 360 3485 angustabtur
381 3396 518 3463 simulac
538 3399 770 3486 producuntur
797 3421 874 3466 oum
893 3397 1018 3465 ramuli
1038 3397 1172 3467 'foliolis

146 3517 333 3584 lanceolatis
362 3519 564 3602 acuminatis,
590 3518 786 3617 *dilatantur
820 3520 922 3607 inque
956 3519 1086 3609 apicem
1115 3519 1173 3588 ab·

145 3650 283 3728 ruptum
305 3640 467 3724 desinunt,
489 3652 523 3706 et
542 3661 619 3711 raro
640 3652 771 3706 tantum
791 3641 918 3729 generis
940 3639 1053 3707 indole
1071 3641 1176 3732 poly-

142 3759 288 3855 rnorpha
310 3771 366 3829 aut
385 3761 498 3849 stirpis
520 3771 635 3826 natura
654 3760 788 3849 jubente
811 3759 1000 3828 deflectunt.
1043 3760 1176 3830 Name-

145 3890 202 3942 rus
237 3882 503 3969 pedunculorum
536 3881 656 3946 bract'
615 3892 675 3948 tera
709 3882 939 3948 communibus
971 3867 1177 3971 plerumque

145 3999 333 4086 respondet
364 4003 411 4071 ita
432 4013 477 4078 ut
498 3999 704 4092 pedunculus
732 4001 897 4070 solitarius
925 4002 1054 4069 bractam
1080 4002 1177 4071 nulla
