2460 4634
98 299 142 361 80
320 304 358 371 s,
404 288 552 357 Par-tium
570 288 675 356 Rosae
696 286 839 361 fruticis..
945 302 949 314 '

14 476 18 483 ¹
100 506 220 567 ramos,
247 477 395 547 ramulos
426 478 575 546 novellos
604 490 638 544 et
663 477 839 562 floriferas,
880 479 1025 575 petiolas
1051 502 1119 551 ner·

101 624 248 692 numque
276 592 438 666 {eliorum
466 592 704 665 intermedium
737 611 874 683 armant,
912 601 981 669 sive
1013 625 1136 675 sceau-i·

58 748 62 757 ·
100 727 180 795 dum
203 723 313 789 sedem
334 721 460 793 sariam
481 744 516 785 ac
537 743 728 803 numerum,
751 720 1136 810 stiprdissubjiciuutut·

60 812 64 819 ¹
101 849 164 931 (ee.
186 843 442 928 substa'pulnrcs),
465 842 649 907 internodia
678 843 819 930 sparsim
849 853 882 909 et
911 838 981 909 sinc
1013 845 1115 911 ardus

101 965 163 1054 (uc.
185 969 303 1050 sparsi,
340 967 461 1027 ramale·
479 986 520 1027 es
541 967 660 1027 aculeis
682 967 822 1048 infesti),
854 963 922 1029 sive
940 962 1130 1031 confertim·-

102 1094 263 1172 0ccupant
299 1084 437 1163 (ramuli
463 1105 512 1147 aa.
539 1085 674 1159 horretis,
710 1091 808 1160 torvi,
844 1087 1036 1151 densissime
1063 1090 1129 1177 spi-,5

87 1229 217 1271 aarum
238 1208 322 1269 ealle
350 1210 468 1268 muniti
497 1206 590 1280 Olus,
620 1208 739 1286 frutes-
763 1207 1127 1290 pole-myriecuntm.

99 1333 194 1412 spr'ne
223 1327 342 1408 Pau),
378 1323 447 1390 sive
484 1310 641 1410 primitus
670 1324 783 1390 statim
814 1324 970 1407 deficiunt
997 1327 1111 1408 Grata

95 1452 248 1533 primitas
269 1450 413 1519 inermis,
425 1449 572 1528 ‚mz'tier);
593 1445 662 1510 sive
684 1445 819 1509 demum
840 1468 883 1511 ex
903 1422 1023 1530 aetate,
1053 1445 1137 1539 isne]

100 1569 175 1638 ticis
196 1568 274 1632 nisu
294 1564 436 1629 naturali
457 1565 492 1628 in
512 1575 630 1629 trunca
659 1575 693 1630 ct
720 1547 821 1628 ramis
847 1563 1021 1653 juventute
1045 1587 1113 1631 seu·
1138 1624 1141 1629 .

96 1687 192 1755 lautis
223 1676 416 1754 evanescunt
451 1687 512 1768 (fr.
550 1687 699 1770 deinceps
726 1690 893 1770 c‘nermis);
936 1684 1113 1756 ¹seeundum

101 1808 375 1895 magnitudinem,
404 1805 520 1883 breves
542 1817 630 1888 sunt,
660 1804 713 1869 vel
733 1804 903 1893 praelongi
926 1807 993 1886 (ac.
1008 1811 1118 1894 pagia-

62 1972 64 1977 ·
99 1935 256 2012 triformes
292 1927 437 2007 La'ndl.);
493 1924 602 2009 quoad
632 1911 847 1990 directionem
875 1925 1134 2021 horisontplitoe-

99 2068 186 2112 nune
207 2056 321 2134 patent
343 2042 404 2133 (ee.
416 2046 595 2129 putentes),
618 2064 705 2108 nunc
720 2044 874 2109 deorsum
890 2058 1040 2135 spectant
1061 2050 1122 2133 (ec.

98 2171 275 2250 inclinati),
298 2185 385 2229 nunc
405 2163 620 2231 reflectuntur
641 2164 708 2245 (uc.
730 2173 880 2252 reversi),
917 2189 1007 2233 nune
1031 2167 1147 2239 deni--

100 2309 165 2376 que
187 2264 359 2371 eriguntur
381 2285 445 2364 (ae.
456 2285 619 2368 porrecti)
642 2305 783 2371 eumque
804 2287 916 2371 situm,
937 2286 1127 2376 junioribus

99 2418 133 2472 ct
161 2406 302 2494 stipulis,
348 2404 469 2491 quibus
503 2402 644 2469 ramuli·
661 2418 861 2491 emergentes
896 2408 1128 2495 involumtur,

100 2537 186 2591 arcte
209 2523 342 2589 inclusis
364 2525 553 2613 proprium,
589 2524 647 2607 vix
669 2526 733 2590 nisi
750 2527 789 2591 in
811 2527 988 2596 [ariorum
1009 2543 1045 2596 et
1072 2546 1130 2599 ra·

97 2649 273 2712 mularum
293 2643 503 2712 novellorum
530 2644 621 2712 feliis
644 2649 885 2739 approximatis
908 2652 1129 2719 munitorum
1153 2676 1159 2707 ι

97 2765 229 2855 fastigio
251 2767 402 2832 retinent.
909 2754 924 2773 '¹

161 2888 216 2951 Ex
235 2885 287 2951 his
313 2909 406 2991 ¹vero,
445 2910 527 2975 quae
555 2886 711 2955 fruticem
739 2891 907 2977 integrum
947 2891 1133 2959 investiant

97 3007 250 3095 partibus
283 3009 385 3072 modo
413 3008 563 3092 laudatis,
597 3031 718 3096 paucae
746 3033 807 3097 per
834 3011 935 3076 vitam
956 3011 1134 3099 ,integram

96 3125 289 3212 persistunt,
312 3124 391 3192 aliae
411 3138 484 3192 rate
505 3139 657 3216 tempore
679 3092 881 3213 eiancscunt,
902 3132 1029 3197 iterum
1046 3132 1132 3199 aliae

97 3244 253 3308 accedunt
274 3245 381 3310 denuo
404 3247 462 3314 ¹rel
491 3247 632 3314 fortuite
663 3253 908 3340 superveniunt,
945 3263 979 3317 et
1006 3251 1132 3321 faciem

97 3362 225 3428 huticis
272 3375 442 3433 externam
487 3381 616 3435 mutant
666 3395 702 3437 ae
745 3372 932 3462 perficiunt.
1016 3373 1132 3441 Eva·

97 3490 296 3549 neseuntt
349 3488 381 3576 1)
421 3500 545 3590 sumere
580 3492 792 3581 epidermidis
823 3497 989 3601 pellicula,
1041 3516 1132 3580 quse

98 3605 248 3692 primum
277 3607 313 3672 in
340 3611 458 3678 cortice
491 3623 649 3699 tanquam
683 3636 727 3679 ex
759 3612 927 3679 inflatione
961 3613 1134 3683 subeunte

98 3698 246 3812 assurgit,
270 3728 447 3816 cinerascit,
483 3743 515 3798 et
536 3734 672 3799 demum
700 3734 736 3806 in
764 3730 908 3798 furfures
938 3757 965 3798 s.
995 3756 1135 3823 pannos

96 3840 180 3911 latos
211 3845 363 3935 hyaliucs
396 3853 627 3938 desquanaatur
663 3852 779 3939 hisque
807 3853 935 3919 exuviis
965 3856 1134 3941 excussis,

97 3964 336 4050 epidermidem
355 3972 549 4041 interiorem
568 3972 709 4039 recludit
715 3995 727 4052 3
764 3972 799 4061 2)
823 3973 924 4061 acrrlei
945 3973 1137 4063 cujuslibet
