2474 4644
476 116 616 165 examen
644 98 863 167 suanam*
1134 66 1181 186 ,77
1223 181 1230 194 .

98 291 373 381 ιςιιιιιίιιὶιιιιιιι
394 287 559 358 antbera'
548 312 585 356 ιιι
606 287 677 357 eliis
698 270 853 381 opposita
879 287 980 375 subit,
1016 297 1050 355 et
1069 308 1181 358 mern-

99 376 119 469 l.
164 402 264 498 brana,
293 412 433 478 cardinis
455 410 563 477 loco
551 409 747 501 anterq’ectu,¹
766 419 940 498 augmenta
961 412 1066 500 capit,
1094 410 1181 477 dile-

98 548 121 589 ι-
170 534 253 599 undo
273 544 449 619 utramque
470 533 626 617 dimovet,
663 532 766 598 latere
794 551 990 619 quocunque
1020 531 1181 622 appendi-

98 652 127 707 ιι
174 651 268 720 culum
292 653 460 744 petalodes
490 654 612 719 exserit
639 664 672 719 et
700 652 849 742 petalum
878 673 1033 741 parvum,
1063 668 1179 721 nmor-

98 782 125 825 Ξ
175 769 273 867 plum,
295 796 372 840 cum
389 773 560 866 spathulae
570 773 678 862 figura
692 756 962 862 comparandum,
984 773 1076 862 apice
1089 775 1180 841 striis

98 880 122 943 'l
174 872 396 984 flavescentibus
416 895 617 986 prominulis
639 898 714 979 (ceu
736 884 947 960 anthererum
967 895 1181 982 rudimentis)

98 1022 123 1087 ἵ
172 1025 303 1083 notatum
340 1027 375 1080 et
407 986 478 1082 basi
507 1014 640 1082 dilatata
672 1015 759 1081 circa
787 1015 936 1080 staminis
964 1015 1208 1085 insertionem-

98 1140 126 1183 Γ·
167 1134 260 1202 veluti
286 1137 368 1202 circa
389 1137 468 1202 axin
496 1135 613 1204 leviter
640 1145 832 1201 contortum
859 1146 1012 1225 praestat.
1057 1140 1095 1223 4)
1117 1138 1179 1203 Pe'-

166 1251 219 1319 nli
234 1266 303 1323 tum
324 1257 467 1323 antberis
488 1254 650 1345 interjecti
671 1265 745 1321 tum
765 1256 841 1323 hinc
869 1255 1005 1346 appensi
1033 1257 1200 1345 initium,·

130 1352 135 1371 ⁸
159 1348 205 1435 ut
214 1388 314 1443 semet
333 1377 399 1443 rite
425 1373 596 1461 informet,
633 1378 795 1462 innititur,
830 1378 1029 1444 rotundatur
1059 1381 1201 1459 denuo,'

121 1552 124 1559 .
156 1508 251 1561 rosso
271 1498 380 1565 colore
400 1497 579 1564 notabilius
602 1498 751 1586 tingitur,
788 1496 882 1564 basin
903 1519 1017 1565 versus
1039 1501 1181 1566 declinat

143 1604 203 1709 .θῖ
216 1615 370 1685 deorsum
406 1619 494 1685 inter
529 1618 633 1708 petali
661 1616 763 1684 finem
801 1629 835 1684 et
863 1604 1012 1687 staminis
1042 1619 1180 1687 initium

154 1732 307 1828 utrinque
336 1739 454 1808 leviter
482 1734 698 1823 contrahitur,
734 1761 868 1806 sursum
895 1762 974 1808 vcro
1002 1740 1090 1806 inter
1117 1764 1186 1831 per

145 1846 207 1914 “li
228 1861 432 1928 excisionem
454 1859 702 1944 cordiformem,
732 1860 892 1960 antherae¹
905 1861 1095 1927 rudimento
1116 1863 1180 1928 ob-

143 1966 267 2065 ffileto,
288 1983 443 2069 utrinque
464 1980 665 2065 flavescente,
701 1981 904 2071 prominulo'
923 2005 1026 2070 eoque
1047 1983 1180 2049 nonnisi

129 2088 341 2179 *pollinifero
364 2115 550 2188 coronatur,
584 2104 630 2169 ita
658 2112 698 2167 ut
718 2103 867 2192 petalum
888 2114 1094 2169 contractum
1116 2105 1181 2169 tri·

141 2200 258 2288 fidum
277 2223 412 2312 basique
433 2245 476 2289 ex
498 2224 636 2290 stamine
657 2225 801 2289 subnixo
814 2224 913 2312 longe
927 2225 1180 2312 unguiculatum

144 2335 274 2410 eladut.
326 2347 362 2429 5)
384 2345 531 2410 Petulum
560 2345 606 2411 ita
635 2356 862 2434 comparatum
891 2347 1004 2421 denuo¹
1030 2345 1187 2434 compla-¹

131 2460 248 2526 'natur
267 2476 301 2531 et
322 2465 485 2551 dilatatur,
509 2462 662 2531 antherae
682 2466 914 2531 rudimentum
935 2466 987 2530 illi
1017 2466 1180 2555 superad-

141 2558 258 2650 ditum
282 2587 462 2670 exacuitur,
492 2587 647 2675 utrinque
669 2588 756 2653 striis
777 2586 1026 2654 flavescentibus
1048 2595 1180 2653 tantum

138 2700 348 2794 mseribitur,
369 2709 523 2774 connivet
544 2718 577 2774 et
598 2708 740 2795 denique
767 2709 805 2792 6)
829 2706 882 2772 his
913 2706 1068 2772 omnibus
1089 2707 1180 2775 alie-

135 2819 189 2872 ²¹¹⁸
232 2828 380 2894 excussis
407 2831 443 2894 in
471 2829 621 2919 petalum
656 2828 722 2895 rite
754 2827 935 2916 figuratum
971 2825 1181 2895 immutatur.

132 2916 214 3001 H00
241 2949 363 3016 scilicet
384 2951 548 3016 modoR.
576 2949 834 3016 Chamaerrhodi
862 2971 929 3018 var.
959 2945 1119 3037 caucasios
1144 2950 1181 3015 in

128 3055 337 3137 1110Ιιιιῐιιιιιι
358 3069 609 3158 unguiculatum
631 3072 826 3152 invertitur,
862 3070 1045 3158 quemlibet
1065 3070 1182 3136 anthe-

124 3174 190 3236 rue
218 3203 332 3257 semet
351 3192 388 3256 in
407 3189 786 3282 petaluminformantis
809 3213 960 3281 gressum
980 3193 1111 3276 indicat,
1135 3191 1179 3257 ob

121 3286 314 3378 stb'loruni
335 3313 560 3400 integritatem
581 3324 693 3381 tamen
713 3314 927 3402 antherasque
949 3312 1053 3379 loetts
1075 3313 1181 3377 inter-

116 3405 280 3517 mutto,
323 3433 499 3501 alabastros
520 3445 675 3519 maturat,
705 3457 816 3523 neque
850 3437 964 3502 minus
985 3433 1181 3520 frequenter
1229 3473 1234 3481 ·

113 3532 258 3618 ιιῐεὶιιι
279 3555 396 3643 petalis
417 3557 573 3645 prrmrtus
595 3581 622 3623 s
645 3558 798 3647 deinceps
821 3579 864 3622 ex
891 3555 1089 3621 staminibus
1116 3575 1180 3675 ex-

105 3641 260 3737 Quot
237 3684 289 3759 trs,
311 3675 488 3742 infaciem
509 3677 685 3765 genuinam
707 3677 914 3747 relabitur..

192 3779 263 3861 Ex
292 3797 483 3883 germinum
511 3799 660 3888 apicibus
688 3800 810 3866 sensim
838 3806 1013 3884 assurgunt
1045 3794 1180 3881 basique
