2460 4634
157 340 200 401 26
457 328 604 394 nauum
627 302 733 395 Rosae
753 327 883 396 fruticis

155 520 237 587 fiant
269 519 420 604 ramique
458 517 495 582 in
523 527 680 584 truncum
709 519 857 586 desinant
884 490 1014 608 sibique
1042 519 1183 595 invicem
1206 594 1209 603 Ι

106 684 108 690 ,
157 640 338 724 succedant,
362 638 472 704 aetatis
487 639 745 707 successionibus
759 663 896 730 prorsus
911 665 937 707 s.
952 626 1183 708 succrescendo

155 765 355 850 contingant,
384 758 589 847 singularum
616 752 766 851 partium
787 767 1092 850 ¹integumenta
1119 758 1182 829 eius

155 893 336 974 congruant
357 881 443 947 inter
464 905 509 966 se,
532 882 611 965 sive,
633 884 753 969 quibus
776 882 940 949 obnoxiae
962 892 1049 965 sunt,
1077 876 1181 949 muta·
1223 908 1226 975 g

116 1009 260 1114 tiones
283 1026 326 1071 ex
347 1012 448 1068 aetate
469 1013 503 1069 et
522 1001 692 1070 functione
715 1004 842 1070 diversa
862 1005 1000 1071 subeant
1022 1013 1054 1068 et
1067 1001 1203 1069 faciem.
1222 980 1226 1071 i

156 1139 329 1195 externam
350 1124 476 1192 uariam
496 1125 732 1208 nanciscantur,
754 1147 883 1192 necesse
905 1136 963 1192 est
1009 1110 1181 1214 Obtegim-
1221 1078 1226 1217 i

118 1337 120 1343 Ι
153 1261 213 1315 tur
234 1255 347 1321 autem
368 1268 492 1329 omnes,
524 1267 605 1332 quae
634 1237 802 1312 caudicem
829 1247 1080 1312 adscendentem
1108 1267 1182 1335 per-
1213 1220 1226 1329 i

102 1407 104 1413 ·
153 1368 271 1436 ficiunt
290 1377 399 1457 partes
421 1369 625 1467 epidermcde,
657 1360 738 1455 qua'e
767 1368 803 1434 in
830 1365 951 1433 frutice
979 1366 1125 1455 juvenili
1150 1390 1183 1434 ac
1193 1370 1226 1539 p

152 1495 282 1578 integro
317 1489 510 1572 laevissima,
553 1488 706 1554 continua
735 1499 768 1555 et
797 1489 910 1556 viridis
935 1510 1009 1553 esse
1023 1487 1129 1554 solet
1151 1497 1183 1554 et

153 1611 328 1715 punctulis
348 1610 518 1685 resinosis
544 1609 805 1694 inscribitur,
795 1620 883 1674 intus
920 1628 1011 1692 vero,
1053 1604 1181 1697 praeter

101 1777 104 1781 ·
152 1747 282 1827 partem
303 1732 472 1814 fibrosam,
509 1730 723 1796 substantiam
727 1730 959 1822 myricinam,
992 1729 1121 1844 resinae
1146 1738 1179 1794 et

102 1846 104 1853 ι
150 1855 330 1922 albuminis
347 1853 431 1940 quid
451 1862 606 1941 praestat
680 1901 683 1905 »

219 1955 343 2063 Omnes
367 1972 571 2061 epidermide
592 1981 694 2037 tectae
715 1983 836 2061 partes,
866 1971 1013 2036 turiones
1035 1968 1185 2038 mexiine
1220 2026 1225 2053 ,

20 2095 22 2100 ’
102 2109 104 2113 ’
152 2109 187 2164 et
206 2094 329 2160 ramuii
343 2067 529 2175 floriferis
519 2092 767 2179 mquinamento
782 2094 938 2181 quopiam
953 2090 1219 2175 subtilissimo,·

153 2215 331 2333 amyiaceO,
354 2212 550 2298 detergibilt,
587 2236 605 2277 a
632 2212 715 2278 telae
745 2213 869 2279 cellulis
899 2215 1009 2278 lucem
1038 2234 1073 2277 ac
1087 2210 1184 2277 solis
1224 2216 1226 2223 '

152 2317 264 2405 radios
287 2333 535 2424 perferentibus
556 2330 708 2422 projecto
737 2335 980 2423 adsperguntur
1012 2356 1049 2397 ac
1077 2331 1184 2400 veluti

100 2472 102 2477 “
152 2460 340 2525 irrorantur
386 2457 470 2535 (res,
528 2458 620 2521 Thau
669 2459 774 2534 Vest3
807 2463 942 2543 pruina,
991 2456 1077 2538 licis
1112 2442 1204 2519 Du‘

155 2581 259 2666 ὅρη).
324 2577 378 2642 Ex
399 2564 463 2641 hec
487 2600 586 2642 rore
614 2578 808 2665 praesertim
831 2599 913 2665 vere·
927 2586 960 2641 et
979 2574 1184 2663 plenamque

151 2701 246 2766 brevi
267 2709 344 2788 post
364 2696 763 2786 vemationemtempcre
792 2697 936 2786 penitius
959 2697 1122 2762 subeunte
1149 2709 1199 2763 et*

151 2820 316 2903 exhalato,
333 2911 334 2914 Ἴ
350 2819 563 2908 epidermidis
585 2820 678 2885 viror
706 2818 866 2906 genuinus
887 2816 1098 2903 'glaucescere
1127 2818 1183 2882 in-

150 2943 245 3029 cipit,
280 2940 326 3004 ita
353 2951 393 3004 ut
419 2939 526 3005 halitu
554 2939 669 3026 glauco
702 2940 769 3029 (the
797 2927 952 3024 glaucone
982 2941 1043 3002 bue
1064 2937 1182 3027 Angl.)

148 3074 308 3146 tanquam
330 3059 453 3124 suffusa
474 3082 543 3126 esse
565 3059 714 3125 videatur
737 3059 871 3148 (ramnb‘
882 3056 1012 3146 recidi).
1047 3059 1184 3141 Quam-

149 3182 201 3250 vis
224 3179 406 3247 evidentius
434 3202 491 3244 ros
519 3192 623 3245 semet
650 3180 803 3247 exhibeat
830 3180 944 3265 oculis,
980 3203 1040 3261 nec
1068 3193 1184 3248 tamen

69 3338 72 3347 ·
150 3302 284 3395 plenam
306 3298 404 3366 offert
426 3299 538 3385 fidem,
569 3303 681 3388 generi
700 3302 830 3390 integro
850 3302 964 3392 potius
987 3323 1087 3388 quam
1110 3304 1183 3367 sin·

151 3424 237 3513 gulis
260 3423 427 3511 speciebus
448 3423 607 3510 proprius
629 3445 688 3488 nec
710 3424 749 3489 eb
772 3422 842 3488 aliis
871 3420 1010 3508 sequelis
1039 3420 1180 3489 alicnus.

104 3564 107 3569 '
149 3547 235 3612 Hinc
257 3566 377 3634 paucae
399 3545 521 3632 species
544 3567 563 3608 a
582 3565 660 3609 rore
681 3545 818 3609 omnino
846 3544 1012 3608 immunes
1041 3553 1121 3607 sunt
1145 3566 1182 3609 ac

140 3656 306 3733 ‘deficiunt
328 3675 361 3728 et
382 3667 468 3730 inter
490 3665 567 3730 alias
588 3663 724 3748 formas,
761 3664 873 3752 stirpis
905 3675 1021 3731 natura
1041 3661 1181 3750 jubente

148 3798 224 3851 tum
246 3809 264 3850 n
284 3806 362 3849 rore
382 3797 457 3851 tum
480 3786 520 3851 ab
542 3783 612 3856 aliis
632 3784 887 3873 inquinamentis
901 3784 1019 3850 alienas
1038 3784 1186 3881 (formae

149 3909 369 3972 herbescentec
403 3930 429 3972 a.
468 3903 635 3992 intactae),
671 3904 837 3997 lubentius
870 3905 1008 3985 recidas,
1048 3906 1182 3974 intactis

150 4026 329 4118 oppositas,
375 4025 561 4116 proferunt.
626 4025 679 4091 Ex
715 4048 791 4093 rore
820 4045 900 4094 vero
935 4025 1180 4115 spidermidem
