2474 4644
154 329 196 394 38
296 315 298 321 ’
374 263 389 309 '¹
436 317 612 384 'Partium
631 315 737 383 Rosae
757 310 904 384 fruticis
959 386 961 391 ,

156 511 321 601 Hystrice,
364 503 595 597 microcarpa),
640 505 686 572 ita
723 504 970 571 imminuuntur
999 513 1046 571 et
1072 488 1179 574 abbre-

91 663 93 667 ⁴
155 615 300 718 riantur,
340 639 380 694 ut
409 627 574 695 obsoletae
604 628 680 693 satis
709 636 743 692 et
771 647 848 691 cum
876 624 996 715 petioli
1019 625 1146 696 ba'si
1136 650 1180 694 n·

157 763 295 820 crassata
330 748 434 818 veluti
485 748 739 842 deliquesccntes
781 744 878 836 plane
914 764 984 815 non
1030 747 1089 816 in
1112 752 1181 815 con'·

158 885 309 975 spectum
343 870 477 938 veniant
510 880 543 936 et
578 868 621 934 ob
661 866 821 934 auriculas
851 861 989 934 cerateas
1018 876 1183 958 porrectas

37 1033 46 1039 -
158 1014 236 1061 eum
256 991 433 1080 stipelliss.
451 989 582 1079 stipulis
599 988 858 1081 ¹tpetiolularibus
879 972 1028 1074 (lucrida
1045 989 1183 1081 papilia

158 1113 263 1180 naccis
276 1112 433 1202 piopriis,
455 1097 569 1177 fucum
584 1108 690 1177 facere
703 1111 875 1193 videantur
891 1113 946 1193 (st.
961 1111 1123 1203 solutas).
1148 1112 1184 1178 At

34 1264 37 1268 ·
157 1234 288 1325 parcius
319 1234 480 1321 agendum
507 1235 569 1332 est!
621 1216 1185 1321 811ΡιιιιιιιιιιιιιιὶιΡ11ιιιιιιιιοιιο

157 1352 375 1440 laudatarum,
419 1350 558 1420 uhtedi
545 1359 614 1440 layo
652 1353 775 1420 liberae
802 1365 834 1419 et
869 1353 1043 1419 subulutae
1074 1352 1186 1435 dictae,

152 1471 324 1542 'auriculae
336 1475 448 1564 potius
461 1452 552 1541 'sunt
539 1475 773 1564 tstipularum
792 1475 1051 1543 imminuturum
1063 1494 1187 1565 eaeque

159 1577 227 1661 non
263 1596 375 1662 solum
410 1618 454 1662 ex
475 1597 651 1686 glandulis
681 1597 720 1661 ad
739 1595 865 1685 petioli
892 1596 985 1661 basin
1015 1596 1184 1682 utramque
1225 1594 1227 1619 '

20 1719 23 1724 ’
65 1708 70 1716 ’
107 1768 109 1773 .
159 1702 256 1784 seriat
257 1718 306 1784 im
327 1717 477 1807 disposit
468 1742 494 1783 rs
521 1719 580 1784 sed
608 1739 743 1806 quoque
772 1738 830 1783 eat
846 1715 917 1782 aliis
944 1714 1124 1805 majoribus
1152 1717 1183 1780 εἰ

53 1917 56 1924 Ι
158 1836 331 1904 latioribus
359 1837 558 1907 inccdem'
578 1837 709 1903 ramarlo
746 1839 933 1930 promiscue
970 1839 1187 1904 intercurren-

156 1959 247 2025 tibus
268 1970 548 2044 recognosctmtur
578 1954 905 2044 ideoqueRcsarum
926 1957 1188 2024 Banksianurum

160 2077 355 2145 divisionem
388 2079 476 2167 apud
505 2081 704 2165 'Lindiepum
740 2079 947 2144 undecimam
991 2089 1024 2146 ct
1059 2078 1189 2168 stipulis

155 2198 332 2273 'saansaan
354 2197 502 2264 aestuas
523 2176 634 2263 soram
655 2199 817 2285 insignem
838 2200 1052 2286 restringunt.
1095 2200 1190 2282 Quae

1167 2079 1174 2092 ’
1220 2036 1227 2281 l

159 2342 266 2409 quum
286 2312 333 2384 ita
355 2320 430 2403 sint,
453 2316 904 2419 stipularum'longitudo'ct
931 2319 1073 2386 latitudo
1103 2320 1190 2386 anci-
1225 2306 1227 2319 '

157 2441 269 2530 pitem
285 2426 423 2505 omnino
450 2451 616 2530 praestant
648 2453 776 2506 notam
792 2452 825 2506 et
853 2440 899 2505 ita
926 2438 1010 2512 fere
1023 2440 1062 2505 in
1090 2461 1190 2506 usum

158 2561 267 2627 vocari
280 2571 431 2649 possunt,
445 2571 484 2626 ut
497 2562 635 2651 stipulas
650 2563 831 2629 centimetr.
850 2566 922 2628 4-
930 2565 950 2631 5
964 2561 1079 2650 longas
1099 2561 1190 2628 idco-

159 2702 224 2769 que
260 2681 357 2781 solito
386 2681 627 2788 productiores,
666 2706 731 2769 pro
734 2692 868 2760 tructas,
899 2693 1015 2750 curtas
1048 2704 1132 2751 vero
1160 2692 1191 2749 ct

92 2810 95 2827 ²
159 2798 344 2889 sentiment.
370 2809 387 2871 1
411 2801 535 2892 longas,
559 2811 595 2870 re
597 2812 732 2884 tractus,
753 2802 879 2894 petiolo
895 2802 1074 2892 interjecto
1095 2803 1191 2897 plane

119 2930 121 2935 '
158 2943 227 2987 non
247 2923 314 2991 sive
335 2946 404 2989 non
425 2925 571 2990 multum
592 2924 736 3008 latiores,
759 2934 961 3010 angustatus,
984 2924 1044 2990 illo
1068 2924 1122 2990 bis
1143 2937 1191 2991 ter

159 3040 313 3131 quaterve
347 3042 481 3110 latiores
519 3051 709 3110 latescentes
746 3047 935 3132 ‘generatim
971 3043 1191 3131 significemus

159 3166 339 3251 earumque
374 3136 518 3249 figuram
556 3163 731 3252 specialem
765 3166 801 3230 in
838 3167 1057 3254 descriptione
1096 3165 1192 3233 exhi-

158 3283 303 3350 beamus.
369 3285 502 3350 Praeter
530 3283 615 3350 hanc
646 3285 828 3352 latitudinis
864 3287 1028 3352 rationem
1065 3287 1193 3353 variam

160 3405 297 3504 stipulae
332 3403 454 3470 ludunt
476 3407 581 3476 ,etiarn
609 3409 768 3497 marginis
801 3407 926 3491 indole,
962 3417 995 3474 et
1032 3406 1074 3472 ad
1103 3406 1196 3473 illam

1222 2422 1227 2577 l

158 3542 246 3592 nunc
284 3533 516 3613 integerrimae
553 3538 586 3593 et
622 3531 729 3595 nudae
765 3530 789 3596 i.
819 3553 846 3599 e.
882 3550 990 3615 neque
1020 3527 1196 3594 denticulis
1224 3548 1227 3555 ·

100 3717 104 3729 K
159 3668 267 3734 neque
290 3646 452 3734 glandulis
474 3649 660 3740 inscriptae,
676 3673 771 3717 nunc
794 3673 836 3716 ex
859 3648 1022 3737 glandulis
1044 3648 1199 3717 seriatim

103 3773 107 3782 '
160 3765 335 3856 dIspositis·
347 3773 570 3856 glandulosae,
594 3795 683 3838 nunc
705 3795 749 3840 ex
770 3770 924 3838 dentibus
947 3771 1071 3858 argutis
1095 3771 1199 3837 nudis

159 3887 226 3954 sive
249 3911 325 3954 cum
346 3892 514 3980 stipitibus
537 3893 768 3980 glandularum
792 3891 914 3960 leviter
940 3890 1082 3958 dilatatis
1115 3915 1200 3958 con-

71 4100 75 4105 Δ
157 4006 336 4112 fluentibus
360 4034 458 4101 parce
479 3987 708 4081 inscribuntur
736 4018 791 4090 (at.
813 4018 1031 4082 denticulatus
1061 4037 1087 4078 a.
1117 4017 1200 4081 aaa·
