2460 4634
160 299 188 349 x
211 306 214 313 ·
577 270 752 343 Piaefatio.
867 276 868 281 ’

87 525 90 530 .
161 422 328 562 praefatus
356 484 444 552 eum,
473 472 509 534 et
535 460 698 535 innitere
719 461 875 555 Tdcniqu‘e
909 466 1017 556 parte,-
1050 468 1195 559 stirpem

160 623 394 697 quamcunque
415 623 494 669 oum
514 601 810 693 synonymis'seite
822 601 971 689 laudatis,
995 603 1193 696 descriptio-

160 745 260 813 nibus
282 740 559 809 informationem·
574 748 683 807 rutam
711 729 926 830 perfidosque
950 740 1101 809 deflexus
1130 746 1191 812 de-

157 879 376 979 signantibus,
385 877 631 947 commentariis
642 878 878 946 etexcursibu's
886 879 1189 951 criticisillustravi.

143 978 145 985 i
194 998 327 1100 TQuoa
356 1016 493 1103 quidem
520 1037 618 1106 opus,
651 1026 693 1082 ut
711 1017 761 1114 ita
779 1016 898 1102 dicam,
932 1019 1187 1110 quibuscunque

157 1157 286 1246 generis
300 1152 551 1253 difficultatibus
566 1119 782 1220 dilucidandis
796 1154 987 1241 inserviens,
1006 1159 1187 1245 restrinxi3

157 1318 218 1362 nec
239 1293 274 1359 id
295 1301 381 1359 aetas
402 1300 435 1358 et
454 1289 672 1393 librariorum
692 1291 814 1374 esuries
826 1287 1016 1383 perferunt.
1046 1296 1186 1363 ¹Nolunt

157 1432 248 1501 enim
276 1428 418 1520 plurimi
453 1450 497 1497 ex
524 1429 637 1496 amine
665 1430 763 1519 operi
790 1431 935 1498 Naturae
963 1432 1088 1500 divitiis
1109 1437 1183 1524 pari

155 1532 292 1660 suisque
312 1546 461 1636 numeris
483 1565 635 1634 absoluto
657 1589 796 1656 operam
817 1543 1027 1656 impendere3
1061 1571 1180 1637 nolant

155 1708 292 1793 satiari,-.¹
307 1705 366 1795 qui
384 1703 504 1775 malvis
531 1703 646 1795 potius
673 1669 873 1792 crambeque
898 1668 1092 1777 vescuntur!
1127 1711 1179 1776 Ne

91 1860 93 1865 '
154 1860 266 1915 umen
288 1844 397 1931 eliqua
414 1853 663 1932 ¹syntagmatum
692 1843 732 1909 dc
753 1841 817 1909 hoc
845 1865 965 1932 genere
992 1842 1081 1912 haud
1110 1847 1181 1915 sine

154 1984 247 2059 suari
279 1981 433 2048 laborum
465 1978 629 2047 memoria
663 1979 884 2072 speciosisque
916 1948 1073 2059 'aurinis
1096 2006 1180 2050 con-

154 2122 338 2211 srip'orum
354 2082 437 2208 pars
463 2126 577 2208 pereat
595 2116 706 2198 vel-in
732 2117 879 2186 latibulis
907 2116 1091 2208 aboleatur,
1124 2124 1181 2192 in·

153 2258 249 2327 atitui
269 2255 356 2346 apud
376 2278 431 2322 me
444 2254 529 2322 hanc
543 2255 790 2346 sciagraphiam,
816 2259 983 2328 Historiae
996 2261 1178 2330 succinctae

151 2395 253 2463 titulo
276 2415 320 2461 ex
340 2393 422 2482 ipsis
443 2392 597 2460 manibus
618 2394 697 2460 dare
725 2394 885 2486 illamque
912 2399 959 2466 ite
985 2398 1083 2489 plane
1112 2423 1178 2468 ex-

126 2533 263 2626 spedire
284 2531 407 2615 studui,
441 2542 481 2598 ut
508 2531 669 2620 stirpium
687 2500 886 2603 statutarum
914 2533 1113 2602 characteres
1140 2547 1176 2601 et

64 2668 68 2675 ‘
149 2671 356 2753 varietatum,
376 2653 513 2735 laeuum
535 2678 567 2734 et
580 2670 894 2767 monstrorum'illis
907 2640 1175 2760 subscriptorum

143 2798 312 2892 'notiones
334 2816 378 2874 ex
398 2806 452 2890 iis,
469 2772 472 2775 Ι
487 2828 572 2894 quae
593 2808 629 2875 in
651 2790 734 2899 cap(
747 2808 792 2879 Π.
819 2809 1002 2899 generatim
1029 2812 1173 2900 exposui

90 3012 94 3021 ,
148 2950 217 3014 sine
239 2944 513 3033 descriptionibus
532 2945 621 3034 vagis
643 2947 834 3014 elucescant.
881 2949 951 3028 Qui
971 2947 1062 3013 enim
1083 2946 1169 3014 hunc

145 3087 188 3153 de
207 3082 337 3150 fruticis
359 3093 475 3147 natura
494 3104 674 3150 excursum
693 3040 915 3172 precariarum
934 3095 1024 3150 recte
1045 3085 1169 3152 intelli·

146 3233 230 3320 gunt
250 3219 376 3307 illoque
396 3219 549 3287 instructi
575 3221 667 3310 ipsos
693 3218 829 3287 frutices
858 3220 990 3306 adeunt,
1026 3244 1071 3290 ex
1090 3232 1169 3315 'reta

119 3349 344 3425 ¹nostratium
378 3380 644 3447 quaquaversum
679 3359 897 3446 vergentium,
928 3382 947 3426 e
974 3359 1168 3426 dexteritate

143 3497 286 3564 humana
322 3519 402 3565 vero
433 3497 637 3563 immunium
662 3497 849 3586 cognitione
874 3509 1083 3588 compertum
1108 3495 1166 3561 he-

31 3723 36 3734 ·
144 3635 270 3702 bebunt
290 3634 454 3701 ambitum
476 3635 639 3722 insignem
667 3658 735 3725 quo
762 3636 926 3703 Rosarum
955 3637 1074 3725 stirpes
1102 3656 1164 3724 pa·

144 3751 234 3858 tent,'
258 3794 364 3860 eoque
394 3783 474 3840 teste
504 3795 573 3839 non
599 3772 712 3840 scium
741 3773 819 3841 elias
848 3790 1059 3863 quascunque
1087 3774 1164 3839 ber-

145 3911 236 3976 beras
265 3921 298 3976 et
326 3921 488 3994 extorres,
525 3933 605 3998 qaus
634 3892 770 3999 quidem
795 3911 946 4000 quumvis
974 3913 1073 3981 etiam
1103 3910 1162 3974 vix
