2460 4634
13 252 14 257 ‘
130 306 168 358 γι
320 324 357 329 ..
575 283 746 356 uaesano.

133 475 327 568 desperavit,
348 469 471 566 nuperi
491 497 572 543 vero
592 452 681 544 mala
701 475 835 547 habitus
851 475 949 544 clieni
964 487 997 546 et
1011 480 1159 568 partium

58 702 62 715 ι
132 616 248 684 leviter
268 615 356 680 inter
376 638 411 683 se
432 613 679 682 desciscentium
699 614 767 682 fide
788 615 952 682 obcoecati
973 616 1009 682 in
1030 631 1160 686 contra-

132 754 219 820 riam
238 762 369 842 partem
391 763 570 837 verterunt,
594 754 748 841 equidem
767 751 928 820 fruticum
942 754 1162 844 sylvestrium

111 887 114 891 ’
133 871 243 959 studio
265 913 327 981 per
349 889 546 959 decennium
566 891 759 956 continuato
785 892 1012 991 pensitataque
1041 893 1162 962 obser-

133 1031 264 1099 vatione
285 1027 460 1117 dispellere
481 1039 515 1094 et
536 1025 712 1094 eventilare
732 1039 866 1094 conatus
888 1051 974 1113 sum,
998 1040 1086 1097 etex
1107 1031 1161 1097 his

134 1128 263 1250 studiis,
300 1165 504 1255 plantatione
532 1173 564 1230 et
593 1164 717 1231 satione
753 1163 955 1232 confirmatis
984 1165 1083 1232 didici
1112 1167 1163 1233 si-

134 1304 218 1403 mul,
240 1301 347 1378 nullas
369 1323 413 1366 ex
433 1299 549 1366 habitu
570 1310 708 1367 externo
731 1303 936 1393 etnpartiu‘m
954 1303 1161 1392 singularum

135 1439 299 1524 examine,
319 1438 384 1505 nisi
404 1438 484 1504 scite
504 1438 711 1526 Naturaeque
725 1406 944 1529 congruenter
958 1443 1158 1528 instituatur,

134 1577 339 1661 fallaciarum
359 1575 473 1667 pleno,
504 1575 692 1674 redundare
709 1588 819 1664 notas,
846 1581 904 1644 sed
924 1565 1049 1664 omnes,
1077 1601 1157 1667 quas

133 1725 282 1787 auctores
303 1715 492 1804 specierum
514 1710 749 1784 distinctarum
763 1715 873 1783 titulis
893 1716 1158 1807 promulgarunt,

135 1852 293 1942 stirpium
314 1876 341 1918 s.
360 1852 546 1941 specierum
565 1851 811 1942 primitivarum
830 1853 1048 1940 paucularum
1068 1855 1165 1918 limi-

11 1980 23 1989 ”
135 2002 185 2057 tes
206 1989 348 2056 salutare
371 1999 405 2055 et
431 1998 590 2080 notarum
610 1974 832 2056 essentialium
847 1997 880 2054 ct
892 1987 1163 2056 inconcussarum

136 2127 373 2193 communione
393 2126 480 2192 inter
506 2149 543 2192 sc
570 2125 817 2217 comprehendi.
882 2125 949 2191 Hcs
969 2147 1061 2210 vcro,
1094 2128 1164 2194 cir-

138 2265 289 2333 cumcisis
311 2262 383 2332 aliis
409 2264 496 2331 notis
524 2253 705 2337 levioribus
742 2263 983 2354 expansisque
1019 2265 1162 2339 varieta-

106 2426 109 2433 ·
137 2405 240 2488 tibus,
260 2401 387 2469 lusibus
408 2411 441 2468 ct
456 2402 615 2469 monstris
637 2424 681 2469 ex
701 2390 858 2493 stirpium
879 2412 987 2488 coctu,
1010 2403 1161 2492 exposui,

26 2534 30 2541 ’
139 2551 246 2609 ratam
265 2539 472 2627 singularum
492 2540 640 2630 partium
668 2537 944 2611 informationem
963 2550 996 2619 et
1017 2537 1160 2628 perfidos

139 2677 288 2748 deflexus
309 2679 346 2745 in
367 2700 437 2766 cap.
459 2677 501 2747 II.
521 2678 693 2767 sigillatim
712 2679 871 2764 enarravi,
892 2692 1011 2744 novam
1024 2695 1161 2765 prorsus

139 2819 243 2885 Rosas
272 2816 492 2885 distribuendi
518 2827 551 2884 et
578 2816 781 2887 describendi
808 2816 941 2885 condidi
966 2810 1164 2880 methodum

37 2922 42 2929 Ι
141 2976 243 3041 eaque
263 2964 345 3021 teste
367 2954 430 3021 rite
449 2954 657 3043 cognitarum
670 2974 862 3035 numerum,
884 2953 942 3036 qni
956 2950 1045 3036 apud
1067 2949 1164 3012 Lin-

141 3112 289 3163 naeum
313 3097 365 3168 18,
388 3092 476 3183 apud
496 3087 762 3178 Murrayinm
782 3095 837 3169 21,
860 3085 949 3176 apud
975 3051 1165 3152 Willde-

142 3229 323 3296 novviurn
346 3235 401 3314 89,
435 3229 524 3319 cpud
557 3227 833 3330 Persoonium
854 3227 908 3308 45,
937 3224 1026 3312 apud
1055 3222 1166 3329 Th⁰f

142 3369 328 3457 ryum57‚
350 3365 683 3467 apudPoiretixum
699 3367 754 3450 65,
770 3364 859 3454 apud
872 3362 1096 3429 Ldmanum
1110 3368 1166 3444 80,

144 3506 233 3595 apud
254 3503 516 3594 Lindleyum
539 3511 612 3587 101,
633 3514 667 3573 ct
687 3502 827 3601 denique
855 3499 945 3592 opud
966 3497 1166 3579 Trattin-

145 3641 334 3709 nick‘ium
355 3649 419 3712 246
443 3643 565 3732 specics
586 3616 827 3732 complectitur,
855 3639 895 3707 ad
915 3638 1034 3727 stirpes
1053 3633 1166 3702 XXIV

144 3780 304 3864 revocavi,
327 3783 512 3871 specierum
526 3776 818 3869 suppositiciarnm
832 3775 987 3847 chiliades
1001 3783 1111 3840 nutem
1125 3770 1166 3836 ab

142 3915 407 3985 observatoribus
430 3915 676 3984 oculatissimis:
698 3913 946 4011 Bastcrdio,
969 3911 1166 3995 Bcssero,
