2460 4634
111 343 185 408 ²72
443 278 598 402 endam
613 329 721 400 Rcsac
738 327 869 399 fruticis
916 322 921 329 ’

143 508 280 595 mitivus
301 546 414 593 rossus
434 532 486 592 est
506 536 585 609 (osta
600 560 645 575 -
663 535 735 594 our.
756 518 965 611 ruadanus>
1009 520 1168 607 lisinii

146 647 296 732 dilutior,
344 649 492 714 danim
527 657 695 733 monente,
729 642 926 732 subspantiae
951 642 1115 734 proprias
1136 642 1169 709 in

144 768 335 862 petalorum
354 766 592 855 laevigatorum
611 763 867 858 parenchymate
886 754 1094 831 delitescenti
1116 782 1169 829 nea

145 887 239 958 ferro
268 887 420 956 admixto
447 886 533 954 inest
560 889 728 976 variasque
741 870 845 952 ¹sulit
870 885 1086 972 mutationes,
1119 904 1169 973 ga-

146 1008 290 1077 neratim
316 1029 396 1091 uero
423 1029 512 1075 nunc
538 1008 720 1077 intenditur
746 1008 792 1093 (c.
818 1014 967 1073 aarum
993 1028 1025 1073 s.
1052 1012 1170 1079 m

148 1131 258 1207 misr,
293 1131 551 1216 purpurascens)
582 1152 672 1197 nnnc
703 1127 860 1219 primitus
886 1126 997 1195 statim
1029 1124 1172 1219 pallescit

148 1247 192 1340 (c.
220 1252 475 1337 diluis-roseus)
512 1262 550 1317 ut
584 1250 715 1341 penitus
750 1247 927 1317 albescere'
947 1240 1105 1318 videatur
1137 1244 1170 1337 (c.

148 1367 312 1458 aarum),
333 1381 368 1438 et
387 1371 476 1438 inter
494 1371 558 1438 hos
578 1371 671 1459 quasi
698 1367 836 1458 ambigit
861 1391 923 1437 nec
948 1390 1014 1459 per
1042 1390 1083 1437 se
1105 1388 1172 1458 gra·

148 1491 223 1559 vius
251 1511 284 1558 v.
307 1514 336 1557 c·
363 1491 401 1557 in
429 1492 609 1581 puniceum
636 1501 670 1558 et
697 1490 900 1557 carmineum
936 1464 1087 1556 aberrat.¹
1121 1488 1177 1555 Δ·

149 1613 210 1711 dur
235 1609 426 1702 petalorurn
447 1622 533 1688 (λιυκο
555 1649 608 1696 ·-‚
637 1633 708 1678 aar.
729 1602 927 1700 lsacaatia)
940 1609 1080 1677 nonnisi
1101 1602 1175 1699 qui-

149 1733 227 1800 dem
248 1754 325 1799 cum
346 1732 457 1822 aliquo
479 1734 618 1814 candore
639 1732 761 1800 eminet
781 1755 818 1799 ac
838 1733 948 1818 micat,
977 1731 1112 1822 saepius
1130 1726 1180 1798 ol·

112 1856 115 1865 ’
149 1852 260 1938 bulas,
281 1876 454 1942 nunquam
474 1852 545 1922 iere
564 1858 681 1921 niveus
702 1865 736 1921 et
755 1854 942 1944 saepissimo
962 1873 1007 1921 ox
1028 1873 1110 1919 rosa
1124 1848 1182 1919 dc-

150 1971 214 2039 bili
234 1972 408 2059 subeunte,
430 1974 538 2040 halitu
557 1973 695 2039 rubeolo
716 1976 939 2057 alca-roseas,
961 1974 1034 2042 sive
1056 1992 1102 2041 ex
1121 1968 1183 2039 fla-

151 2113 233 2160 vore
261 2091 407 2179 quodam
432 2092 584 2161 helvolns
613 2094 729 2181 eradit,
778 2098 901 2163 Flacca
921 2097 998 2174 (iseo
1017 2116 1079 2181 ····,
1112 2114 1183 2161 our·

154 2212 350 2294 celerantia)
367 2213 469 2279 modo
490 2213 621 2281 luteum
642 2214 789 2283 colorem
810 2225 923 2283 exacte
941 2211 1059 2300 refert,
1079 2212 1184 2281 modo

154 2351 199 2397 ex
225 2328 363 2416 sulfure,
406 2333 489 2399 citro
517 2332 571 2402 vel
605 2358 679 2403 cera
707 2337 789 2425 quid
815 2320 989 2420 immiscet,
1034 2325 1082 2402 et¹
1098 2354 1186 2402 nunc

154 2449 332 2539 aequaliter
354 2451 563 2540 diffimditnr,
585 2478 673 2523 nunc
693 2456 872 2540 vitelliuus,
899 2453 1071 2543 unguibus
1090 2464 1187 2546 peta-

154 2570 269 2641 loram
289 2573 342 2642 vel
370 2575 459 2642 disco
485 2574 637 2644 florifero
666 2588 700 2644 et
729 2576 924 2643 staminibus
952 2574 1188 2643 auricoloribus

155 2678 266 2762 solum
303 2695 461 2764 inhaeret.
525 2698 596 2766 Hos
630 2718 710 2766 vero
743 2695 872 2764 colores
898 2707 1014 2762 natura
1044 2694 1187 2786 singulis

155 2815 313 2904 stirpibus
335 2817 382 2884 ita
401 2816 574 2908 impertiit,
611 2830 650 2886 ut
678 2816 847 2908 plurimae
874 2817 1025 2902 rubeant,
1063 2838 1188 2908 paucae

155 2934 293 3016 albeant,
320 2939 533 3027 paucissimae
561 2939 673 3005 solum
699 2938 839 3008 flareant
865 2949 900 3004 et
925 2937 1188 3006 alterumutrum

156 3055 303 3125 colorem
330 3057 436 3125 limbo
465 3060 534 3128 sive
561 3057 740 3145 aequaliter
767 3057 927 3125 diffusum
955 3046 1118 3124 concedat
1145 3058 1188 3148 (c.

116 3198 122 3210 ¹
156 3180 335 3262 concolor),
378 3179 447 3246 sive
482 3177 628 3267 duplices
664 3178 700 3244 in
734 3178 851 3245 eodem
885 3175 994 3269 petalo
1032 3177 1190 3247 exhibeat

156 3294 292 3381 mixtos,
314 3296 402 3363 inter
422 3321 457 3364 se
477 3320 539 3388 per
558 3297 669 3388 plagas
689 3296 940 3388 longitudinales
955 3300 997 3385 (s.
1012 3307 1190 3389 sansgatae

158 3436 203 3480 cx
223 3415 282 3500 —)
304 3417 447 3504 magisve
464 3392 657 3486 selandicus
680 3419 722 3510 (c.
745 3426 915 3506 picturata
944 3439 988 3486 ex
1014 3417 1075 3507 -)
1107 3443 1189 3487 con-

158 3546 335 3603 currentes.
376 3537 520 3607 Ruboris
542 3539 690 3608 deflexus
710 3541 748 3607 in
769 3540 882 3606 album
903 3538 1017 3629 generi
1041 3550 1116 3607 tam
1135 3539 1191 3608 fa-

157 3654 296 3721 miliaris
316 3667 365 3722 est
384 3657 530 3749 ipsisque
550 3662 617 3728 loci
638 3673 672 3728 et
685 3661 769 3729 airis
787 3659 1031 3727 conditionibus
1043 3658 1190 3745 favetur,

159 3774 308 3844 utnulla
328 3774 564 3872 forsanstirps
586 3780 707 3849 abillo
734 3782 893 3847 immunis
922 3804 991 3848 esse
1017 3779 1190 3849 videatur.

157 3894 269 3961 Minus
289 3894 480 3986 frequenter
501 3902 594 3969 albor
614 3923 690 3969 cum
711 3900 835 3969 flavore
864 3902 900 3966 in
924 3899 1064 3988 singulis
1095 3901 1191 3991 ejus-

159 4013 236 4081 dem
256 4018 369 4107 stirpis
389 4017 564 4090 fruticibus
584 4045 646 4113 par
663 4021 902 4091 vicissitudines
922 4020 1010 4090 redit
1030 4030 1066 4086 et
1087 4044 1192 4089 sensu
