2460 4634
383 115 531 162 examen.
551 87 766 163 succinctum.¹
839 177 841 181 Α
1044 101 1085 171 tt
1196 182 1202 193 ,

42 289 295 377 eamquofclta
309 289 507 353 ramularum
528 287 720 353 statsrmeds'a
739 284 919 368 notabilius
939 274 1087 378 produnt

43 419 85 475 et
115 381 257 474 tamdiu
280 396 420 490 serrant,
456 405 561 475 donae
588 405 793 495 pedunculos
828 390 997 495 attingant,
1031 409 1086 478 vel

13 498 202 593 ¹numero
238 524 436 592 folioloaum
473 527 674 593 decrescente
711 537 743 592 ct
771 518 996 616 magnitudine
1024 528 1086 596 ali·

45 648 255 736 quantisper
297 646 476 712 imminuta
512 645 680 713 deflexum
707 646 859 735 ¹aliquem
892 661 1086 737 praenotant
1173 708 1176 715 .

24 742 134 867 stol.
147 765 313 854 floralia),
348 760 495 841 demum}
511 767 600 834 inter
627 767 764 857 stipulas
792 767 949 835 foliolum
976 760 1099 861 impar,

47 898 270 978 angustatum
291 885 507 953 lanceolatum
528 912 555 954 s.
577 887 700 955 lineare
722 889 871 955 emittant
893 899 933 955 et'
953 892 1086 961 tandem

30 1009 92 1105 „in
114 1009 203 1098 ipsas
231 1008 378 1074 bracteas
404 1007 633 1094 deliquescant.
684 1008 808 1075 Similis
837 1001 1105 1100 propemodum*

15 1170 18 1177 ·
51 1129 166 1230 (ardo,t
186 1151 288 1217 quem
310 1118 410 1193 modo
440 1128 475 1193 in
503 1126 595 1193 foliis
626 1127 773 1221 ejusdem
801 1131 904 1219 partis
932 1126 972 1197 'ad
1000 1133 1086 1199 sedis

10 1216 225 1318 ''raticncm
245 1249 370 1315 uariam
391 1246 614 1333 exhibuimus,
635 1272 695 1316 nec
717 1236 838 1339 speciei
859 1251 1006 1338 singulae
1029 1253 1085 1338 (R.

47 1370 184 1443 indicae
205 1391 237 1436 v.
260 1392 287 1435 o.
309 1378 391 1441 teste
421 1366 461 1432 ol.
496 1370 650 1453 Pharga),
687 1371 743 1435 sed
772 1371 883 1456 generi
911 1371 976 1459 ipsi
1002 1385 1087 1460 pro-

28 1466 223 1583 'priusjin
243 1489 323 1577 ipsis
344 1485 469 1552 foliolis
492 1489 589 1551 etiam
610 1489 706 1573 redit,
742 1489 787 1552 ita
808 1498 845 1553 ut
872 1486 987 1555 foliola
1014 1489 1087 1578 jugi

45 1610 180 1694 infimi,
222 1609 263 1675 ad
291 1606 453 1674 foliorum
487 1628 680 1672 rameorum
715 1605 911 1675 inferiorum
946 1611 1087 1677 modum
1188 1635 1194 1652 ¹

22 1754 29 1765 ¹
47 1708 301 1801 imminuantur
324 1739 357 1793 et
378 1726 513 1793 simulac
535 1727 675 1793 alienam
696 1727 819 1815 fingant
840 1728 981 1816 figuram
998 1725 1086 1799 leri-
1141 1784 1144 1788 .

27 1834 123 1942 'que
144 1848 329 1916 dimotione
349 1846 485 1937 jubente
507 1846 549 1912 ad
570 1848 708 1938 stipulas
729 1849 914 1939 respiciant,
935 1851 1086 1941 reliquo-
1129 1835 1134 1844 ⁸
1155 1895 1159 1904 ·

50 1994 138 2041 rum
166 1968 327 2060 jugorum
353 1967 470 2035 foliola
504 1979 625 2052 autem,
667 1970 929 2057 magnitudinem
963 1973 1087 2039 sensim

52 2113 167 2182 eoque
186 2089 291 2177 magis
314 2098 462 2177 augeant,
484 2086 733 2156 horizontaliter
752 2103 883 2180 pateant
905 2101 938 2158 et
955 2076 1087 2182 practer

52 2212 207 2302 figuram
240 2221 345 2275 ratam
377 2220 410 2275 et
438 2209 552 2275 baseos
570 2190 763 2297 deliquium
787 2212 934 2278 anticum
963 2223 996 2280 ot
1022 2236 1086 2304 po·
1124 2256 1134 2281 ,
1193 2282 1196 2287 ,

55 2334 193 2415 micum,
229 2329 384 2397 omnibus
420 2330 552 2417 penitus
569 2329 705 2396 ‘foliolis
734 2329 912 2419 conjugatis
941 2356 983 2399 ex
1012 2357 1087 2400 ver·

41 2438 193 2521 ¹natione
214 2450 439 2539 conduplicata
459 2451 649 2540 proprium,
677 2450 844 2539 reliquam·
866 2447 967 2519 etiasn
988 2453 1087 2520 indo·
1169 2450 1170 2455 ’

57 2572 128 2643 lem
149 2571 328 2660 genuinam
357 2571 538 2653 ostendant,
575 2593 642 2657 quo
670 2573 774 2660 magis
791 2548 843 2637 'ad
874 2573 1000 2662 apicem
1015 2575 1087 2640 'ad-

59 2690 327 2785 propinquarint‚
349 2689 459 2779 impar
478 2712 557 2757 vero
579 2690 705 2780 petiolo
732 2693 903 2757 communi
931 2693 1089 2761 innixum
1185 2731 1187 2735 <

60 2814 227 2902 nullisque
248 2809 488 2900 conjugationis
510 2816 544 2877 et
555 2812 759 2901 petiolorum
774 2813 965 2902 partialium
983 2814 1088 2881 inter-

61 2923 267 3003 venientium
288 2931 426 3001 vinculis
449 2931 644 3019 obligatum,
678 2931 814 3020 reliquis
836 2933 944 3022 majus
965 2946 999 3000 et
1019 2957 1090 3001 non
1190 2999 1193 3007 ,

62 3054 176 3123 solum
195 3052 266 3120 basi
287 3051 415 3141 aequali
437 3053 494 3119 sed
515 3075 649 3140 quoque
671 3041 798 3119 ambitu
820 3064 853 3151 et
880 3056 1090 3122 extremitate

60 3174 302 3257 suislnumeris
321 3175 516 3264 respondeat
539 3185 573 3240 et
594 3185 715 3264 typum
736 3175 916 3261 genuinum
936 3186 1089 3264 praestat.

60 3297 195 3364 Praeter
227 3293 312 3362 hanc
342 3292 542 3361 foliolorum
578 3294 814 3382 magnitudinis
850 3297 1014 3361 rationem
1049 3295 1091 3361 ad

59 3415 226 3485 foliorum
254 3416 365 3483 sedem
399 3415 524 3482 variam
558 3414 754 3506 expositam,
791 3414 981 3507 complures
1010 3414 1093 3482 aliae

60 3548 140 3609 sunt
161 3559 206 3605 ex
225 3537 338 3626 stirpis
360 3533 497 3625 ejusque
518 3538 713 3605 varietatum
733 3536 857 3618 indole,
893 3546 928 3604 et
949 3537 989 3602 ad
1009 3534 1094 3602 hanc

56 3652 98 3731 'in
118 3657 188 3727 fine
208 3669 370 3743 extremo,
391 3655 508 3723 foliola
528 3659 678 3742 rotunda,
701 3670 796 3725 ovata
817 3659 885 3727 sive
908 3655 970 3722 alia
993 3679 1095 3744 quae-

58 3802 194 3869 cunque
244 3779 320 3845 nisu
368 3777 542 3845 latescendi
591 3775 822 3884 ambitumque
871 3775 1096 3866 amplificandi

846 3884 892 3946 4*
