2474 4644
64 397 66 400 ,
165 326 208 394 44
359 265 361 269 ¹
461 303 612 389 Partium
632 319 737 387 Rosae
764 315 895 387 fruticis

165 512 317 583 dentibus
337 515 473 588 sericea,
508 530 552 576 ex
582 509 737 598 dispersis
759 533 794 576 ao
814 507 966 599 rigidulis
989 515 1115 597 pilosa,
1148 535 1186 583 ex

164 633 375 702 mollioribus
396 635 523 708 villoso,
544 651 588 696 ex
608 627 660 695 his
681 630 818 697 simulac
837 628 1048 718 longioribus
1070 638 1185 711 usna,

136 733 210 853 *ex
236 750 581 843 supinatis'denseque
610 749 795 817 intertextis
823 760 1013 830 lamentosa,
1051 774 1099 819 ex
1119 753 1185 821 bre·

107 848 110 865 '
164 874 313 946 northus
354 884 388 940 a
425 870 640 959 rigidioribus
676 844 846 958 nasoque
888 872 1014 938 innuas
1049 881 1184 959 anam

163 997 312 1080 evadant,
335 1004 370 1061 et
389 1003 521 1083 praeter
541 989 751 1079 superficiem
772 991 918 1059 alienum
948 993 1048 1059 etiam
1077 992 1185 1060 immi-

66 1111 72 1129 *
163 1128 272 1186 coeant
288 1115 446 1203 colorem,
468 1111 614 1178 albidum
627 1110 737 1198 illum,
759 1113 1015 1180 incanescentsm
1029 1111 1084 1180 vel
1101 1113 1184 1201 gliu-

164 1213 345 1309 cescentem
373 1233 446 1327 (sol.
468 1235 574 1300 allido
595 1269 650 1311 —‚
680 1214 873 1313 s'acano*—‚
892 1239 1185 1322 gluuceacentt-te

129 1419 134 1424 .
164 1359 335 1443 matesc).
399 1354 520 1423 Rarius
540 1353 682 1444 papulae
702 1355 953 1440 minutissimae,
990 1353 1185 1444 plerumque

130 1544 131 1551 ,
164 1483 227 1551 sub
239 1481 328 1548 lente
342 1486 472 1542 tantum
484 1475 741 1565 conspiciendae,
762 1475 982 1567 prominulae,
1002 1474 1187 1566 diaphanae,

103 1580 108 1651 s
164 1602 302 1685 albidae,
336 1597 544 1664 mediotenus
577 1596 747 1685 depressae
774 1607 965 1687 punctoque
1001 1596 1183 1684 inscriptae,

162 1712 363 1792 ¹foliolorum
395 1716 543 1808 plagulas
576 1716 788 1784 internervias
825 1717 987 1806 gregatim
1031 1696 1182 1808 obsident,

163 1845 314 1917 candoris
344 1838 567 1929 cujuscunque
596 1816 711 1905 lucum
737 1837 862 1905 iaciunt
888 1848 923 1906 et
949 1837 1048 1904 nobis
1073 1832 1187 1905 foliola

158 1964 417 2056 phlyctaenodea
438 1985 466 2026 s.
488 1958 803 2046 s'ndolcmlcliorurn
813 1962 1072 2049 pdlyctaencdcn
1093 1981 1190 2049 prae·

163 2096 260 2154 stant.
309 2083 490 2148 alandalus
511 2081 555 2166 (ts
572 2080 671 2164 aanor)
693 2079 761 2145 sive
782 2081 892 2147 nervis
912 2080 1103 2148 lateralibus
1124 2081 1188 2151 sire

143 2190 252 2278 'venis
272 2201 537 2290 interjacentibus
559 2198 677 2266 affixae
698 2200 840 2288 ideoque
867 2224 928 2290 per
954 2199 1068 2268 folioli
1095 2201 1188 2292 pagi·

162 2351 242 2398 nam
263 2325 520 2406 alteramutram‚
556 2319 763 2409 frequentius
784 2332 895 2388 tamen
914 2344 976 2411 per
995 2320 1188 2391 inferiorem

161 2451 230 2517 sive
262 2446 370 2514 rarius
395 2443 500 2509 simul
527 2465 589 2533 per
617 2442 824 2530 superiorem
838 2442 1046 2531 divulgatae,
1067 2448 1188 2530 sclicla

72 2630 75 2634 ,
159 2572 271 2637 saltus
293 2591 320 2634 a.
340 2573 491 2659 utraeque
510 2567 704 2652 glandulosae
726 2563 794 2631 sive
822 2566 961 2630 s'adotem
982 2570 1038 2650 spa·
1056 2600 1112 2643 -‚
1133 2567 1188 2652 bg·

78 2760 81 2768 ,
156 2714 203 2779 po
224 2727 279 2767 -,
301 2713 328 2754 a.
350 2689 623 2773 amphists‘cta'cum
643 2683 822 2774 perficiunt
842 2694 875 2751 et
894 2684 1019 2751 foliolis
1032 2693 1187 2753 asticts'cs’s

107 2818 127 2831 ''
162 2819 391 2901 opponuntur.
433 2804 520 2873 Huic
541 2828 621 2874 vero
648 2805 753 2873 indoli
783 2780 1049 2895 stictophyllinae
1078 2829 1187 2875 sensus
1229 2812 1234 2941 ⁴

117 2988 121 2995 .
160 2933 274 3001 subest
302 2927 462 3029 generalis
496 2928 590 3015 isque
623 2949 693 2992 non
725 2918 836 2991 solum
863 2923 1025 3012 glandulis
1054 2928 1188 2997 emersis
1231 2954 1234 3007 ι

159 3041 217 3118 sed
254 3046 386 3138 quoque
423 3048 561 3114 aliarum
594 3047 743 3135 partium
769 3045 905 3116 exiliis
935 3047 1189 3117 immutaturum
1232 3030 1234 3043 ¹

158 3171 360 3263 proprietate
381 3168 537 3235 statuitur
557 3190 594 3232 ac
615 3165 841 3235 confirmatur.
904 3166 1038 3235 Etenim
1058 3183 1189 3260 praeter

158 3291 271 3358 nuum
301 3291 341 3357 od
368 3274 517 3354 indolem
545 3287 828 3377 stictophyllinam
857 3287 927 3355 sine
955 3287 1204 3378 glandularum·

157 3412 339 3479 secretione
361 3411 396 3473 in
418 3409 497 3498 ipsis
518 3409 628 3475 nervis
651 3397 876 3498 epiphyllinis,
914 3431 1070 3487 vasorum
1100 3424 1189 3479 tere·
1233 3434 1235 3441 ·

156 3530 444 3598 binthinaccorum
480 3529 527 3595 sic
556 3529 719 3596 dictorum
746 3532 817 3612 (tte
852 3535 1034 3617 terpentr'nc
1069 3538 1190 3621 vessels

162 3655 284 3735 Graan.)
308 3673 373 3738 ope
401 3649 653 3733 delitescentem,
693 3661 725 3717 et
750 3651 810 3718 vix
831 3649 895 3715 nisi
923 3651 1190 3738 viroresnturc,

156 3793 339 3838 nervorum
360 3768 483 3836 flavore
503 3771 651 3838 resinoso
675 3782 708 3837 ct
729 3770 869 3859 quadam
890 3770 1058 3857 rigiditate
1088 3797 1192 3862 prae-

156 3902 320 3973 notatum,
342 3889 513 3976 glandulae
535 3914 679 3958 emersae
700 3891 824 3958 variam
852 3891 1004 3979 obtinent
1031 3891 1193 3979 figuram,

156 4011 428 4105 magnitudinem,
451 4009 596 4081 colorem
618 4035 654 4081 ac
675 4013 786 4080 sedem
806 4024 839 4080 et
859 4012 932 4080 aliis
954 4013 1191 4084 diversissimis
