<?xml version="1.0" encoding="UTF-8"?>
<!DOCTYPE html PUBLIC "-//W3C//DTD XHTML 1.0 Transitional//EN"
    "http://www.w3.org/TR/xhtml1/DTD/xhtml1-transitional.dtd">
<html xmlns="http://www.w3.org/1999/xhtml" xml:lang="en" lang="en">
 <head>
  <title>
</title>
<meta http-equiv="Content-Type" content="text/html;charset=utf-8" />
  <meta name='ocr-system' content='tesseract 3.04.00' />
  <meta name='ocr-capabilities' content='ocr_page ocr_carea ocr_par ocr_line ocrx_word'/>
</head>
<body>
  <div class='ocr_page' id='page_1' title='image "./rosaeplantarumg00wallgoog_0028.png"; bbox 0 0 2460 4634; ppageno 0'>
   <div class='ocr_carea' id='block_1_1' title="bbox 467 322 1090 399">
    <p class='ocr_par' dir='ltr' id='par_1_1' title="bbox 467 322 1090 399">
     <span class='ocr_line' id='line_1_1' title="bbox 467 322 1090 399; baseline -0.002 -12"><span class='ocrx_word' id='word_1_1' title='bbox 467 322 683 387; x_wconf 75' lang='lat' dir='ltr'>auctoritates.</span> <span class='ocrx_word' id='word_1_2' title='bbox 1052 338 1090 399; x_wconf 86' lang='lat'>11</span> 
     </span>
    </p>
   </div>
   <div class='ocr_carea' id='block_1_2' title="bbox 39 493 1180 1341">
    <p class='ocr_par' dir='ltr' id='par_1_2' title="bbox 39 493 1180 972">
     <span class='ocr_line' id='line_1_2' title="bbox 47 493 1093 602; baseline -0.001 -23"><span class='ocrx_word' id='word_1_3' title='bbox 47 500 216 580; x_wconf 78' lang='lat' dir='ltr'>notarum</span> <span class='ocrx_word' id='word_1_4' title='bbox 228 532 416 602; x_wconf 82' lang='lat' dir='ltr'>synonyma</span> <span class='ocrx_word' id='word_1_5' title='bbox 433 513 465 577; x_wconf 78' lang='grc'>0.</span> <span class='ocrx_word' id='word_1_6' title='bbox 479 515 650 578; x_wconf 81' lang='lat' dir='ltr'>Bouhz‘oos</span> <span class='ocrx_word' id='word_1_7' title='bbox 661 509 696 576; x_wconf 91' lang='lat' dir='ltr'>in</span> <span class='ocrx_word' id='word_1_8' title='bbox 712 493 839 578; x_wconf 72' lang='grc' dir='ltr'><em>Ρϊὴαοὲ</em></span> <span class='ocrx_word' id='word_1_9' title='bbox 859 498 957 580; x_wconf 83' lang='lat' dir='ltr'>solita</span> <span class='ocrx_word' id='word_1_10' title='bbox 972 516 1093 594; x_wconf 63' lang='lat' dir='ltr'>tepeseat</span> 
     </span>
     <span class='ocr_line' id='line_1_3' title="bbox 47 614 1096 725; baseline 0.003 -24"><span class='ocrx_word' id='word_1_11' title='bbox 47 634 311 717; x_wconf 81' lang='lat' dir='ltr'>enumeraverit,</span> <span class='ocrx_word' id='word_1_12' title='bbox 334 630 482 721; x_wconf 81' lang='lat' dir='ltr'>singulas</span> <span class='ocrx_word' id='word_1_13' title='bbox 494 645 606 700; x_wconf 84' lang='lat' dir='ltr'>tamen</span> <span class='ocrx_word' id='word_1_14' title='bbox 619 633 741 725; x_wconf 91' lang='lat' dir='ltr'>species</span> <span class='ocrx_word' id='word_1_15' title='bbox 757 614 800 699; x_wconf 65' lang='lat' dir='ltr'>eir</span> <span class='ocrx_word' id='word_1_16' title='bbox 812 631 938 719; x_wconf 88' lang='lat' dir='ltr'>habitu,</span> <span class='ocrx_word' id='word_1_17' title='bbox 967 634 1096 704; x_wconf 86' lang='lat' dir='ltr'>florum</span> 
     </span>
     <span class='ocr_line' id='line_1_4' title="bbox 39 750 1096 847; baseline 0.004 -25"><span class='ocrx_word' id='word_1_18' title='bbox 39 755 172 822; x_wconf 87' lang='lat' dir='ltr'>colore</span> <span class='ocrx_word' id='word_1_19' title='bbox 180 754 292 821; x_wconf 86' lang='lat' dir='ltr'>aliisve</span> <span class='ocrx_word' id='word_1_20' title='bbox 301 750 493 820; x_wconf 83' lang='lat' dir='ltr'>differentiis</span> <span class='ocrx_word' id='word_1_21' title='bbox 501 753 701 842; x_wconf 84' lang='lat' dir='ltr'>ignobilibus</span> <span class='ocrx_word' id='word_1_22' title='bbox 710 755 875 821; x_wconf 84' lang='lat' dir='ltr'>distinctas</span> <span class='ocrx_word' id='word_1_23' title='bbox 888 778 955 824; x_wconf 90' lang='lat' dir='ltr'>esse</span> <span class='ocrx_word' id='word_1_24' title='bbox 964 756 1096 847; x_wconf 86' lang='lat' dir='ltr'>illisque</span> 
     </span>
     <span class='ocr_line' id='line_1_5' title="bbox 48 874 1180 972; baseline -0.003 -24"><span class='ocrx_word' id='word_1_25' title='bbox 48 877 253 960; x_wconf 76' lang='lat' dir='ltr'><strong>innotuisse,</strong></span> <span class='ocrx_word' id='word_1_26' title='bbox 276 898 320 942; x_wconf 86' lang='lat' dir='ltr'>ex</span> <span class='ocrx_word' id='word_1_27' title='bbox 342 899 460 972; x_wconf 82' lang='lat' dir='ltr'>eorum</span> <span class='ocrx_word' id='word_1_28' title='bbox 498 874 605 941; x_wconf 88' lang='lat' dir='ltr'>titulis</span> <span class='ocrx_word' id='word_1_29' title='bbox 639 886 672 941; x_wconf 88' lang='lat' dir='ltr'>et</span> <span class='ocrx_word' id='word_1_30' title='bbox 696 874 973 965; x_wconf 74' lang='lat' dir='ltr'>descriptionibtis</span> <span class='ocrx_word' id='word_1_31' title='bbox 992 891 1095 970; x_wconf 89' lang='lat' dir='ltr'>patet.</span> <span class='ocrx_word' id='word_1_32' title='bbox 1176 964 1180 969; x_wconf 25' lang='grc' dir='ltr'><strong><em>Ι</em></strong></span> 
     </span>
    </p>

    <p class='ocr_par' dir='ltr' id='par_1_3' title="bbox 50 975 1096 1341">
     <span class='ocr_line' id='line_1_6' title="bbox 120 975 1095 1089; baseline 0.002 -25"><span class='ocrx_word' id='word_1_33' title='bbox 120 998 220 1064; x_wconf 85' lang='lat' dir='ltr'>Nova</span> <span class='ocrx_word' id='word_1_34' title='bbox 241 997 376 1085; x_wconf 86' lang='lat' dir='ltr'>quidem</span> <span class='ocrx_word' id='word_1_35' title='bbox 397 996 460 1063; x_wconf 87' lang='lat' dir='ltr'>lux</span> <span class='ocrx_word' id='word_1_36' title='bbox 489 1020 566 1062; x_wconf 90' lang='lat' dir='ltr'>oum</span> <span class='ocrx_word' id='word_1_37' title='bbox 593 975 740 1062; x_wconf 76' lang='lat' dir='ltr'>La’rioaeo</span> <span class='ocrx_word' id='word_1_38' title='bbox 769 996 960 1086; x_wconf 83' lang='lat' dir='ltr'>plantarum</span> <span class='ocrx_word' id='word_1_39' title='bbox 988 1011 1095 1089; x_wconf 85' lang='lat' dir='ltr'>syste-</span> 
     </span>
     <span class='ocr_line' id='line_1_7' title="bbox 50 1117 1096 1208; baseline 0.001 -22"><span class='ocrx_word' id='word_1_40' title='bbox 50 1118 152 1205; x_wconf 85' lang='lat' dir='ltr'>mati,</span> <span class='ocrx_word' id='word_1_41' title='bbox 172 1120 367 1207; x_wconf 80' lang='lat' dir='ltr'>neutiquam</span> <span class='ocrx_word' id='word_1_42' title='bbox 391 1130 501 1185; x_wconf 90' lang='lat' dir='ltr'>autem</span> <span class='ocrx_word' id='word_1_43' title='bbox 515 1119 680 1184; x_wconf 90' lang='lat' dir='ltr'>Rosarum</span> <span class='ocrx_word' id='word_1_44' title='bbox 701 1119 813 1208; x_wconf 86' lang='lat' dir='ltr'>generi</span> <span class='ocrx_word' id='word_1_45' title='bbox 829 1117 973 1203; x_wconf 84' lang='lat' dir='ltr'>adfulsit,</span> <span class='ocrx_word' id='word_1_46' title='bbox 997 1121 1096 1208; x_wconf 89' lang='lat' dir='ltr'>idque</span> 
     </span>
     <span class='ocr_line' id='line_1_8' title="bbox 53 1216 1096 1341; baseline 0 -35"><span class='ocrx_word' id='word_1_47' title='bbox 53 1250 131 1306; x_wconf 86' lang='lat' dir='ltr'>tam</span> <span class='ocrx_word' id='word_1_48' title='bbox 169 1240 291 1306; x_wconf 89' lang='lat' dir='ltr'>orbum</span> <span class='ocrx_word' id='word_1_49' title='bbox 321 1252 354 1305; x_wconf 84' lang='lat' dir='ltr'>et</span> <span class='ocrx_word' id='word_1_50' title='bbox 388 1228 674 1307; x_wconf 85' lang='lat' dir='ltr'>observationibus</span> <span class='ocrx_word' id='word_1_51' title='bbox 704 1216 813 1321; x_wconf 21' lang='lat' dir='ltr'>‘novis&#39;</span> <span class='ocrx_word' id='word_1_52' title='bbox 836 1240 1033 1341; x_wconf 75' lang='lat' dir='ltr'>destitutum</span> <span class='ocrx_word' id='word_1_53' title='bbox 1060 1242 1096 1306; x_wconf 89' lang='lat' dir='ltr'>in</span> 
     </span>
    </p>
   </div>
   <div class='ocr_carea' id='block_1_3' title="bbox 55 1359 1210 1451">
    <p class='ocr_par' dir='ltr' id='par_1_4' title="bbox 55 1359 1210 1451">
     <span class='ocr_line' id='line_1_9' title="bbox 55 1359 1210 1451; baseline 0.001 -25"><span class='ocrx_word' id='word_1_54' title='bbox 55 1359 242 1450; x_wconf 83' lang='lat' dir='ltr'>Speciebus</span> <span class='ocrx_word' id='word_1_55' title='bbox 262 1359 310 1451; x_wconf 89' lang='lat' dir='ltr'>pl.</span> <span class='ocrx_word' id='word_1_56' title='bbox 331 1361 420 1427; x_wconf 89' lang='lat' dir='ltr'>redit</span> <span class='ocrx_word' id='word_1_57' title='bbox 448 1372 481 1428; x_wconf 90' lang='lat' dir='ltr'>et</span> <span class='ocrx_word' id='word_1_58' title='bbox 503 1362 545 1428; x_wconf 92' lang='lat' dir='ltr'>ob</span> <span class='ocrx_word' id='word_1_59' title='bbox 568 1363 755 1451; x_wconf 78' lang='lat' dir='ltr'>specierum</span> <span class='ocrx_word' id='word_1_60' title='bbox 776 1361 1013 1449; x_wconf 86' lang='lat' dir='ltr'>descriptiones</span> <span class='ocrx_word' id='word_1_61' title='bbox 1043 1363 1097 1429; x_wconf 90' lang='lat' dir='ltr'>ni·</span> <span class='ocrx_word' id='word_1_62' title='bbox 1208 1386 1210 1390; x_wconf 55' lang='lat'><strong><em>¹</em></strong></span> 
     </span>
    </p>
   </div>
   <div class='ocr_carea' id='block_1_4' title="bbox 31 1479 1189 2416">
    <p class='ocr_par' dir='ltr' id='par_1_5' title="bbox 31 1479 1189 2416">
     <span class='ocr_line' id='line_1_10' title="bbox 56 1479 1097 1572; baseline 0 -24"><span class='ocrx_word' id='word_1_63' title='bbox 56 1479 127 1548; x_wconf 91' lang='lat' dir='ltr'>mis</span> <span class='ocrx_word' id='word_1_64' title='bbox 150 1481 264 1549; x_wconf 85' lang='lat' dir='ltr'>breves</span> <span class='ocrx_word' id='word_1_65' title='bbox 286 1493 320 1552; x_wconf 84' lang='lat' dir='ltr'>ct</span> <span class='ocrx_word' id='word_1_66' title='bbox 342 1488 386 1549; x_wconf 73' lang='lat' dir='ltr'>ex</span> <span class='ocrx_word' id='word_1_67' title='bbox 406 1483 555 1572; x_wconf 88' lang='lat' dir='ltr'>partium</span> <span class='ocrx_word' id='word_1_68' title='bbox 566 1480 766 1570; x_wconf 83' lang='lat' dir='ltr'>ignobilium</span> <span class='ocrx_word' id='word_1_69' title='bbox 783 1482 935 1548; x_wconf 83' lang='lat' dir='ltr'>examine</span> <span class='ocrx_word' id='word_1_70' title='bbox 954 1481 1097 1566; x_wconf 88' lang='lat' dir='ltr'>haustas,</span> 
     </span>
     <span class='ocr_line' id='line_1_11' title="bbox 54 1578 1189 1692; baseline 0.002 -24"><span class='ocrx_word' id='word_1_71' title='bbox 54 1601 201 1687; x_wconf 84' lang='lat' dir='ltr'>fastidit,</span> <span class='ocrx_word' id='word_1_72' title='bbox 240 1612 279 1668; x_wconf 86' lang='lat' dir='ltr'>ut</span> <span class='ocrx_word' id='word_1_73' title='bbox 307 1609 439 1692; x_wconf 83' lang='lat' dir='ltr'>praeter</span> <span class='ocrx_word' id='word_1_74' title='bbox 454 1602 580 1669; x_wconf 72' lang='lat' dir='ltr'>vtitulos</span> <span class='ocrx_word' id='word_1_75' title='bbox 605 1602 645 1669; x_wconf 63' lang='lat'>²0.</span> <span class='ocrx_word' id='word_1_76' title='bbox 674 1606 827 1670; x_wconf 84' lang='lat' dir='ltr'>Boahz‘no</span> <span class='ocrx_word' id='word_1_77' title='bbox 856 1600 926 1692; x_wconf 81' lang='lat' dir='ltr'>jam</span> <span class='ocrx_word' id='word_1_78' title='bbox 958 1601 1099 1692; x_wconf 85' lang='lat' dir='ltr'>aliisque</span> <span class='ocrx_word' id='word_1_79' title='bbox 1186 1578 1189 1587; x_wconf 29' lang='grc' dir='ltr'>Ι</span> 
     </span>
     <span class='ocr_line' id='line_1_12' title="bbox 60 1716 1099 1812; baseline 0.001 -24"><span class='ocrx_word' id='word_1_80' title='bbox 60 1716 215 1808; x_wconf 82' lang='lat' dir='ltr'>scientiae</span> <span class='ocrx_word' id='word_1_81' title='bbox 242 1724 420 1789; x_wconf 85' lang='lat' dir='ltr'>stateribus</span> <span class='ocrx_word' id='word_1_82' title='bbox 441 1735 552 1803; x_wconf 85' lang='lat' dir='ltr'>notos,</span> <span class='ocrx_word' id='word_1_83' title='bbox 584 1722 637 1791; x_wconf 84' lang='lat' dir='ltr'>vel</span> <span class='ocrx_word' id='word_1_84' title='bbox 664 1724 703 1788; x_wconf 89' lang='lat' dir='ltr'>ab</span> <span class='ocrx_word' id='word_1_85' title='bbox 731 1724 803 1812; x_wconf 90' lang='lat' dir='ltr'>ipsa</span> <span class='ocrx_word' id='word_1_86' title='bbox 829 1734 947 1789; x_wconf 83' lang='lat' dir='ltr'>natura</span> <span class='ocrx_word' id='word_1_87' title='bbox 981 1721 1099 1790; x_wconf 90' lang='lat' dir='ltr'>habitu</span> 
     </span>
     <span class='ocr_line' id='line_1_13' title="bbox 31 1842 1099 1939; baseline 0.001 -30"><span class='ocrx_word' id='word_1_88' title='bbox 31 1923 33 1927; x_wconf 23' lang='grc' dir='ltr'>Ι</span> <span class='ocrx_word' id='word_1_89' title='bbox 60 1845 212 1939; x_wconf 22' lang='lat' dir='ltr'>proprio·</span> <span class='ocrx_word' id='word_1_90' title='bbox 227 1852 448 1933; x_wconf 78' lang='lat' dir='ltr'>praenotatos,</span> <span class='ocrx_word' id='word_1_91' title='bbox 485 1844 580 1910; x_wconf 85' lang='lat' dir='ltr'>novis</span> <span class='ocrx_word' id='word_1_92' title='bbox 601 1843 794 1910; x_wconf 88' lang='lat' dir='ltr'>nominibus</span> <span class='ocrx_word' id='word_1_93' title='bbox 816 1842 1005 1934; x_wconf 88' lang='lat' dir='ltr'>inscriptos,</span> <span class='ocrx_word' id='word_1_94' title='bbox 1041 1844 1099 1910; x_wconf 86' lang='lat' dir='ltr'>ul·</span> 
     </span>
     <span class='ocr_line' id='line_1_14' title="bbox 57 1964 1098 2055; baseline 0.002 -25"><span class='ocrx_word' id='word_1_95' title='bbox 57 1966 185 2032; x_wconf 86' lang='lat' dir='ltr'>teriora</span> <span class='ocrx_word' id='word_1_96' title='bbox 224 1965 402 2031; x_wconf 86' lang='lat' dir='ltr'>attentione</span> <span class='ocrx_word' id='word_1_97' title='bbox 429 1964 527 2055; x_wconf 82' lang='lat' dir='ltr'>plane</span> <span class='ocrx_word' id='word_1_98' title='bbox 554 1986 624 2030; x_wconf 90' lang='lat' dir='ltr'>non</span> <span class='ocrx_word' id='word_1_99' title='bbox 652 1964 891 2053; x_wconf 78' lang='lat' dir='ltr'>dignum·essc</span> <span class='ocrx_word' id='word_1_100' title='bbox 911 1965 914 1969; x_wconf 75' lang='grc'><em>’</em></span> <span class='ocrx_word' id='word_1_101' title='bbox 933 1965 1098 2033; x_wconf 81' lang='lat' dir='ltr'>videatur.</span> 
     </span>
     <span class='ocr_line' id='line_1_15' title="bbox 36 2085 1127 2174; baseline 0.002 -22"><span class='ocrx_word' id='word_1_102' title='bbox 36 2085 227 2169; x_wconf 80' lang='lat' dir='ltr'>,Quamvis</span> <span class='ocrx_word' id='word_1_103' title='bbox 248 2085 283 2151; x_wconf 91' lang='lat' dir='ltr'>id</span> <span class='ocrx_word' id='word_1_104' title='bbox 304 2085 350 2151; x_wconf 90' lang='lat' dir='ltr'>ita</span> <span class='ocrx_word' id='word_1_105' title='bbox 371 2085 423 2169; x_wconf 91' lang='lat' dir='ltr'>sit,</span> <span class='ocrx_word' id='word_1_106' title='bbox 459 2085 676 2174; x_wconf 76' lang='lat' dir='ltr'>nihilosecius</span> <span class='ocrx_word' id='word_1_107' title='bbox 704 2095 816 2151; x_wconf 90' lang='lat' dir='ltr'>tamen</span> <span class='ocrx_word' id='word_1_108' title='bbox 843 2086 1010 2153; x_wconf 90' lang='lat' dir='ltr'>Rosarum</span> <span class='ocrx_word' id='word_1_109' title='bbox 1039 2086 1099 2154; x_wconf 89' lang='lat' dir='ltr'>de·</span> <span class='ocrx_word' id='word_1_110' title='bbox 1124 2092 1127 2098; x_wconf 83' lang='grc'>’</span> 
     </span>
     <span class='ocr_line' id='line_1_16' title="bbox 55 2204 1098 2296; baseline -0.001 -24"><span class='ocrx_word' id='word_1_111' title='bbox 55 2204 231 2272; x_wconf 82' lang='lat' dir='ltr'>finitiones</span> <span class='ocrx_word' id='word_1_112' title='bbox 250 2206 450 2273; x_wconf 71' lang='lat' dir='ltr'>&#39;Linnaeanae</span> <span class='ocrx_word' id='word_1_113' title='bbox 472 2206 693 2295; x_wconf 86' lang='lat' dir='ltr'>perlongum</span> <span class='ocrx_word' id='word_1_114' title='bbox 721 2218 855 2296; x_wconf 88' lang='lat' dir='ltr'>tempus</span> <span class='ocrx_word' id='word_1_115' title='bbox 877 2207 1098 2291; x_wconf 89' lang='lat' dir='ltr'>invaluerunt,</span> 
     </span>
     <span class='ocr_line' id='line_1_17' title="bbox 56 2322 1100 2416; baseline -0.003 -21"><span class='ocrx_word' id='word_1_116' title='bbox 56 2340 91 2396; x_wconf 89' lang='lat' dir='ltr'>et</span> <span class='ocrx_word' id='word_1_117' title='bbox 111 2350 187 2394; x_wconf 92' lang='lat' dir='ltr'>non</span> <span class='ocrx_word' id='word_1_118' title='bbox 210 2324 320 2392; x_wconf 92' lang='lat' dir='ltr'>solum</span> <span class='ocrx_word' id='word_1_119' title='bbox 340 2328 377 2392; x_wconf 88' lang='lat' dir='ltr'>in</span> <span class='ocrx_word' id='word_1_120' title='bbox 399 2322 557 2395; x_wconf 82' lang='lat' dir='ltr'>editiones</span> <span class='ocrx_word' id='word_1_121' title='bbox 578 2350 679 2394; x_wconf 85' lang='lat' dir='ltr'>noras</span> <span class='ocrx_word' id='word_1_122' title='bbox 709 2327 883 2416; x_wconf 86' lang='lat' dir='ltr'>ipsamque</span> <span class='ocrx_word' id='word_1_123' title='bbox 905 2327 1100 2394; x_wconf 88' lang='lat' dir='ltr'>Willdeno-</span> 
     </span>
    </p>
   </div>
   <div class='ocr_carea' id='block_1_5' title="bbox 55 2429 1100 2538">
    <p class='ocr_par' dir='ltr' id='par_1_6' title="bbox 55 2429 1100 2538">
     <span class='ocr_line' id='line_1_18' title="bbox 55 2429 1100 2538; baseline -0.003 -21"><span class='ocrx_word' id='word_1_124' title='bbox 55 2450 216 2532; x_wconf 82' lang='lat' dir='ltr'>wianam,</span> <span class='ocrx_word' id='word_1_125' title='bbox 256 2449 469 2538; x_wconf 72' lang='lat' dir='ltr'>sed’quoque</span> <span class='ocrx_word' id='word_1_126' title='bbox 497 2449 533 2515; x_wconf 91' lang='lat' dir='ltr'>in</span> <span class='ocrx_word' id='word_1_127' title='bbox 563 2449 641 2516; x_wconf 89' lang='lat' dir='ltr'>alias</span> <span class='ocrx_word' id='word_1_128' title='bbox 671 2462 880 2537; x_wconf 86' lang='lat' dir='ltr'>quascunque</span> <span class='ocrx_word' id='word_1_129' title='bbox 909 2429 1100 2538; x_wconf 85' lang='lat' dir='ltr'>plantarum</span> 
     </span>
    </p>
   </div>
   <div class='ocr_carea' id='block_1_6' title="bbox 56 2569 1215 4119">
    <p class='ocr_par' dir='ltr' id='par_1_7' title="bbox 56 2569 1213 3866">
     <span class='ocr_line' id='line_1_19' title="bbox 57 2569 1136 2659; baseline -0.005 -21"><span class='ocrx_word' id='word_1_130' title='bbox 57 2569 329 2648; x_wconf 86' lang='lat' dir='ltr'>enumerationes</span> <span class='ocrx_word' id='word_1_131' title='bbox 352 2571 512 2659; x_wconf 18' lang='lat' dir='ltr'>*integrae</span> <span class='ocrx_word' id='word_1_132' title='bbox 549 2571 769 2654; x_wconf 86' lang='lat' dir='ltr'>transierunt,</span> <span class='ocrx_word' id='word_1_133' title='bbox 820 2570 925 2636; x_wconf 88' lang='lat' dir='ltr'>donec</span> <span class='ocrx_word' id='word_1_134' title='bbox 964 2570 1100 2636; x_wconf 87' lang='lat' dir='ltr'>tandem</span> <span class='ocrx_word' id='word_1_135' title='bbox 1134 2616 1136 2620; x_wconf 87' lang='lat'>-</span> 
     </span>
     <span class='ocr_line' id='line_1_20' title="bbox 59 2664 1101 2780; baseline -0.004 -22"><span class='ocrx_word' id='word_1_136' title='bbox 59 2694 149 2759; x_wconf 85' lang='lat' dir='ltr'>cirea</span> <span class='ocrx_word' id='word_1_137' title='bbox 169 2688 274 2757; x_wconf 87' lang='lat' dir='ltr'>finem</span> <span class='ocrx_word' id='word_1_138' title='bbox 304 2691 406 2757; x_wconf 88' lang='lat' dir='ltr'>seculi</span> <span class='ocrx_word' id='word_1_139' title='bbox 433 2664 649 2780; x_wconf 82' lang='lat' dir='ltr'>praeterlapsi</span> <span class='ocrx_word' id='word_1_140' title='bbox 678 2701 711 2757; x_wconf 91' lang='lat' dir='ltr'>et</span> <span class='ocrx_word' id='word_1_141' title='bbox 740 2701 856 2770; x_wconf 82' lang='lat' dir='ltr'>nostro</span> <span class='ocrx_word' id='word_1_142' title='bbox 885 2690 1101 2780; x_wconf 88' lang='lat' dir='ltr'>potissimum</span> 
     </span>
     <span class='ocr_line' id='line_1_21' title="bbox 56 2802 1100 2901; baseline -0.004 -23"><span class='ocrx_word' id='word_1_143' title='bbox 56 2824 230 2901; x_wconf 90' lang='lat' dir='ltr'>tempore,</span> <span class='ocrx_word' id='word_1_144' title='bbox 265 2833 351 2877; x_wconf 85' lang='lat' dir='ltr'>nova</span> <span class='ocrx_word' id='word_1_145' title='bbox 381 2802 414 2876; x_wconf 85' lang='lat' dir='ltr'>et</span> <span class='ocrx_word' id='word_1_146' title='bbox 436 2832 537 2900; x_wconf 81' lang='lat' dir='ltr'>opera</span> <span class='ocrx_word' id='word_1_147' title='bbox 570 2820 603 2876; x_wconf 91' lang='lat' dir='ltr'>et</span> <span class='ocrx_word' id='word_1_148' title='bbox 633 2832 783 2876; x_wconf 87' lang='lat' dir='ltr'>successu</span> <span class='ocrx_word' id='word_1_149' title='bbox 819 2810 1100 2899; x_wconf 65' lang='lat' dir='ltr'>summioribus,</span> 
     </span>
     <span class='ocr_line' id='line_1_22' title="bbox 57 2920 1102 3024; baseline -0.004 -25"><span class='ocrx_word' id='word_1_150' title='bbox 57 2932 162 3024; x_wconf 89' lang='lat' dir='ltr'>plane</span> <span class='ocrx_word' id='word_1_151' title='bbox 183 2954 254 2998; x_wconf 90' lang='lat' dir='ltr'>non</span> <span class='ocrx_word' id='word_1_152' title='bbox 276 2931 495 3020; x_wconf 87' lang='lat' dir='ltr'>comparanda</span> <span class='ocrx_word' id='word_1_153' title='bbox 517 2930 691 2998; x_wconf 84' lang='lat' dir='ltr'>illuxerint</span> <span class='ocrx_word' id='word_1_154' title='bbox 717 2931 842 3015; x_wconf 78' lang='lat' dir='ltr'>studia,</span> <span class='ocrx_word' id='word_1_155' title='bbox 872 2929 995 3018; x_wconf 88' lang='lat' dir='ltr'>quibus</span> <span class='ocrx_word' id='word_1_156' title='bbox 1025 2920 1102 2996; x_wconf 84' lang='lat' dir='ltr'>cum</span> 
     </span>
     <span class='ocr_line' id='line_1_23' title="bbox 59 3028 1103 3171; baseline -0.004 -49"><span class='ocrx_word' id='word_1_157' title='bbox 59 3056 256 3171; x_wconf 75' lang='lat' dir='ltr'>specierum</span> <span class='ocrx_word' id='word_1_158' title='bbox 290 3053 436 3139; x_wconf 85' lang='lat' dir='ltr'>cognitio</span> <span class='ocrx_word' id='word_1_159' title='bbox 472 3052 620 3142; x_wconf 74' lang='lat' dir='ltr'>peritior</span> <span class='ocrx_word' id='word_1_160' title='bbox 643 3051 743 3119; x_wconf 79' lang='lat' dir='ltr'>‘haud</span> <span class='ocrx_word' id='word_1_161' title='bbox 777 3028 980 3118; x_wconf 81' lang='lat' dir='ltr'>mediocrem</span> <span class='ocrx_word' id='word_1_162' title='bbox 1008 3063 1103 3118; x_wconf 90' lang='lat' dir='ltr'>nacta</span> 
     </span>
     <span class='ocr_line' id='line_1_24' title="bbox 60 3162 1101 3264; baseline -0.003 -23"><span class='ocrx_word' id='word_1_163' title='bbox 60 3188 116 3241; x_wconf 85' lang='lat' dir='ltr'>est</span> <span class='ocrx_word' id='word_1_164' title='bbox 162 3173 326 3240; x_wconf 87' lang='lat' dir='ltr'>ambitum</span> <span class='ocrx_word' id='word_1_165' title='bbox 370 3196 551 3263; x_wconf 87' lang='lat' dir='ltr'>earumque</span> <span class='ocrx_word' id='word_1_166' title='bbox 596 3195 756 3241; x_wconf 89' lang='lat' dir='ltr'>numerus</span> <span class='ocrx_word' id='word_1_167' title='bbox 790 3174 887 3240; x_wconf 87' lang='lat' dir='ltr'>novis</span> <span class='ocrx_word' id='word_1_168' title='bbox 924 3162 1101 3264; x_wconf 84' lang='lat' dir='ltr'>permultis</span> 
     </span>
     <span class='ocr_line' id='line_1_25' title="bbox 60 3292 1102 3384; baseline -0.006 -21"><span class='ocrx_word' id='word_1_169' title='bbox 60 3298 176 3384; x_wconf 89' lang='lat' dir='ltr'>iisque</span> <span class='ocrx_word' id='word_1_170' title='bbox 207 3306 319 3361; x_wconf 87' lang='lat' dir='ltr'>tamen</span> <span class='ocrx_word' id='word_1_171' title='bbox 355 3295 479 3361; x_wconf 91' lang='lat' dir='ltr'>denuo·</span> <span class='ocrx_word' id='word_1_172' title='bbox 501 3294 693 3384; x_wconf 87' lang='lat' dir='ltr'>castigandis</span> <span class='ocrx_word' id='word_1_173' title='bbox 721 3295 754 3361; x_wconf 87' lang='lat' dir='ltr'>et</span> <span class='ocrx_word' id='word_1_174' title='bbox 769 3292 823 3361; x_wconf 67' lang='lat' dir='ltr'>“ad</span> <span class='ocrx_word' id='word_1_175' title='bbox 848 3295 1011 3363; x_wconf 83' lang='lat' dir='ltr'>trutinam</span> <span class='ocrx_word' id='word_1_176' title='bbox 1040 3316 1102 3360; x_wconf 82' lang='lat' dir='ltr'>vo-</span> 
     </span>
     <span class='ocr_line' id='line_1_26' title="bbox 62 3394 1213 3506; baseline -0.006 -22"><span class='ocrx_word' id='word_1_177' title='bbox 62 3416 179 3484; x_wconf 85' lang='lat' dir='ltr'>candis</span> <span class='ocrx_word' id='word_1_178' title='bbox 210 3417 347 3481; x_wconf 83' lang='lat' dir='ltr'>auctus!</span> <span class='ocrx_word' id='word_1_179' title='bbox 397 3416 629 3483; x_wconf 83' lang='lat' dir='ltr'>Retractartmt</span> <span class='ocrx_word' id='word_1_180' title='bbox 663 3438 795 3506; x_wconf 87' lang='lat' dir='ltr'>nempe,</span> <span class='ocrx_word' id='word_1_181' title='bbox 849 3428 889 3481; x_wconf 89' lang='lat' dir='ltr'>ut</span> <span class='ocrx_word' id='word_1_182' title='bbox 918 3394 1102 3502; x_wconf 51' lang='lat' dir='ltr'>a&#39;singulis</span> <span class='ocrx_word' id='word_1_183' title='bbox 1197 3400 1213 3419; x_wconf 56' lang='lat'>²</span> 
     </span>
     <span class='ocr_line' id='line_1_27' title="bbox 63 3534 1103 3626; baseline -0.004 -22"><span class='ocrx_word' id='word_1_184' title='bbox 63 3534 254 3620; x_wconf 83' lang='lat' dir='ltr'>ordiamur,</span> <span class='ocrx_word' id='word_1_185' title='bbox 288 3535 404 3602; x_wconf 89' lang='lat' dir='ltr'>titulos</span> <span class='ocrx_word' id='word_1_186' title='bbox 424 3536 638 3620; x_wconf 81' lang='lat' dir='ltr'>Lirinaeanos,</span> <span class='ocrx_word' id='word_1_187' title='bbox 662 3538 729 3604; x_wconf 87' lang='lat' dir='ltr'>sive</span> <span class='ocrx_word' id='word_1_188' title='bbox 751 3559 851 3603; x_wconf 76' lang='lat' dir='ltr'>novas</span> <span class='ocrx_word' id='word_1_189' title='bbox 873 3537 996 3626; x_wconf 90' lang='lat' dir='ltr'>species</span> <span class='ocrx_word' id='word_1_190' title='bbox 1018 3535 1103 3601; x_wconf 89' lang='lat' dir='ltr'>bene</span> 
     </span>
     <span class='ocr_line' id='line_1_28' title="bbox 64 3648 1102 3748; baseline -0.003 -22"><span class='ocrx_word' id='word_1_191' title='bbox 64 3660 333 3748; x_wconf 78' lang='lat' dir='ltr'>descripsenmta</span> <span class='ocrx_word' id='word_1_192' title='bbox 367 3680 495 3746; x_wconf 76' lang='lat' dir='ltr'>graecm</span> <span class='ocrx_word' id='word_1_193' title='bbox 518 3656 557 3722; x_wconf 92' lang='lat' dir='ltr'>ab</span> <span class='ocrx_word' id='word_1_194' title='bbox 580 3660 758 3736; x_wconf 80' lang='lat' dir='ltr'>Herodoto,</span> <span class='ocrx_word' id='word_1_195' title='bbox 786 3648 1017 3747; x_wconf 78' lang='lat' dir='ltr'>Theophrasto,</span> <span class='ocrx_word' id='word_1_196' title='bbox 1040 3659 1102 3723; x_wconf 75' lang='lat' dir='ltr'>Na*-</span> 
     </span>
     <span class='ocr_line' id='line_1_29' title="bbox 64 3774 1145 3866; baseline -0.003 -19"><span class='ocrx_word' id='word_1_197' title='bbox 64 3774 208 3859; x_wconf 72' lang='lat' dir='ltr'>candrc‚</span> <span class='ocrx_word' id='word_1_198' title='bbox 229 3780 407 3858; x_wconf 74' lang='lat' dir='ltr'>Athenaeo,</span> <span class='ocrx_word' id='word_1_199' title='bbox 435 3780 520 3845; x_wconf 89' lang='lat' dir='ltr'>sicut</span> <span class='ocrx_word' id='word_1_200' title='bbox 539 3778 684 3844; x_wconf 79' lang='lat' dir='ltr'>vidimus</span> <span class='ocrx_word' id='word_1_201' title='bbox 707 3780 852 3865; x_wconf 74' lang='lat' dir='ltr'>traditaS,</span> <span class='ocrx_word' id='word_1_202' title='bbox 884 3782 1101 3866; x_wconf 59' lang='lat' dir='ltr'>&amp;hitorpius</span> <span class='ocrx_word' id='word_1_203' title='bbox 1143 3798 1145 3810; x_wconf 89' lang='lat'><em>·</em></span> 
     </span>
    </p>

    <p class='ocr_par' dir='ltr' id='par_1_8' title="bbox 66 3901 1160 3986">
     <span class='ocr_line' id='line_1_30' title="bbox 66 3901 1160 3986; baseline -0.005 -17"><span class='ocrx_word' id='word_1_204' title='bbox 66 3903 230 3969; x_wconf 77' lang='lat' dir='ltr'>Sma&#39;the&#39;ue</span> <span class='ocrx_word' id='word_1_205' title='bbox 250 3911 284 3968; x_wconf 84' lang='lat' dir='ltr'>et</span> <span class='ocrx_word' id='word_1_206' title='bbox 306 3902 475 3978; x_wconf 79' lang='lat' dir='ltr'>Sa‘eberao3</span> <span class='ocrx_word' id='word_1_207' title='bbox 504 3901 673 3965; x_wconf 86' lang='lat' dir='ltr'>austriacas</span> <span class='ocrx_word' id='word_1_208' title='bbox 698 3903 823 3967; x_wconf 73' lang='lat' dir='ltr'>Clusius</span> <span class='ocrx_word' id='word_1_209' title='bbox 844 3904 987 3983; x_wconf 76' lang='lat' dir='ltr'>(Hister.</span> <span class='ocrx_word' id='word_1_210' title='bbox 1009 3907 1104 3986; x_wconf 73' lang='lat' dir='ltr'>stirp.</span> <span class='ocrx_word' id='word_1_211' title='bbox 1157 3904 1160 3912; x_wconf 87' lang='lat'>&#39;</span> 
     </span>
    </p>

    <p class='ocr_par' dir='ltr' id='par_1_9' title="bbox 66 4009 1215 4119">
     <span class='ocr_line' id='line_1_31' title="bbox 66 4009 1215 4119; baseline -0.005 -28"><span class='ocrx_word' id='word_1_212' title='bbox 66 4028 238 4119; x_wconf 64' lang='lat' dir='ltr'>Annam.</span> <span class='ocrx_word' id='word_1_213' title='bbox 260 4020 383 4112; x_wconf 76' lang='lat' dir='ltr'>teca),</span> <span class='ocrx_word' id='word_1_214' title='bbox 406 4024 576 4114; x_wconf 66' lang='lat' dir='ltr'>&amp;cateias</span> <span class='ocrx_word' id='word_1_215' title='bbox 597 4022 716 4108; x_wconf 68' lang='lat' dir='ltr'>(stirp.</span> <span class='ocrx_word' id='word_1_216' title='bbox 732 4009 834 4091; x_wconf 73' lang='lat' dir='ltr'>castr.</span> <span class='ocrx_word' id='word_1_217' title='bbox 848 4021 979 4089; x_wconf 66' lang='lat' dir='ltr'>fascb.</span> <span class='ocrx_word' id='word_1_218' title='bbox 995 4018 1104 4106; x_wconf 83' lang='grc'>1769),</span> <span class='ocrx_word' id='word_1_219' title='bbox 1212 4036 1215 4042; x_wconf 90' lang='grc'><strong>’</strong></span> 
     </span>
    </p>
   </div>
   <div class='ocr_carea' id='block_1_7' title="bbox 0 0 1252 4634">
    <p class='ocr_par' dir='ltr' id='par_1_10' title="bbox 0 0 1252 4634">
     <span class='ocr_line' id='line_1_32' title="bbox 0 0 1252 4634; baseline 0 0"><span class='ocrx_word' id='word_1_220' title='bbox 0 0 1252 4634; x_wconf 95' lang='lat' dir='ltr'> </span> 
     </span>
    </p>
   </div>
  </div>
 </body>
</html>
