2460 4634
294 924 886 1073 rcaurarro

121 1221 244 1290 Rosae
266 1220 393 1308 generis
414 1205 553 1335 historia
574 1243 592 1285 a
612 1220 800 1310 priscorum
811 1227 890 1310 poe't
891 1221 920 1288 is
935 1222 1096 1315 incoepta,

61 1347 226 1426 veterum
260 1336 476 1424 testimoniis
492 1357 625 1487 irrigata
652 1363 686 1424 'et
714 1381 732 1424 a
771 1357 944 1446 cujuslibet
984 1363 1095 1426 aetatis
1148 1414 1153 1421 .

68 1494 259 1562 auctoribus
281 1497 442 1579 nutrita,
456 1517 545 1560 nuno
575 1505 709 1620 quoquc
737 1498 856 1575 severis
878 1508 1096 1586 systematum

62 1616 344 1699 restauratoribus
366 1617 595 1698 commendata
617 1657 635 1699 e
656 1633 857 1722 scrupulosis
873 1612 1000 1700 cotibus
1015 1659 1094 1702 ena·

71 1771 163 1858 rigat,
208 1792 268 1842 neo
298 1769 463 1834 decantata
491 1770 636 1858 quidem,
674 1790 815 1856 aequum
851 1791 928 1836 oum
955 1762 1092 1859 reliquii

64 1906 241 1994 generibus
273 1885 363 1972 tenet
390 1927 536 1985 cursum,
560 1903 690 1995 triplici
710 1927 867 2028 oppressa
888 1901 1091 1978 difficultate.

62 2045 215 2114 Primam
236 2041 394 2145 Natura
383 2052 454 2132 ipsa
482 2030 721 2122 subministrat,
741 2018 975 2132 singulorum
987 2041 1090 2112 fruti·
1106 2018 1110 2029 Ἰ

61 2205 140 2248 cum
163 2180 398 2246 'communione
428 2180 596 2266 amiciora,
622 2174 718 2248 dotis
739 2182 815 2271 loco
837 2181 1012 2248 commissa
1031 2181 1088 2249 ul-
1175 2166 1179 2173 ⁵

58 2321 165 2384 terius
210 2319 505 2405 ingravescentem
556 2308 694 2384 alteram
724 2322 816 2386 nisus
851 2306 1112 2408 qualiscunque.

58 2457 210 2547 partium
244 2453 500 2539 mutabilitatem
540 2453 704 2529 subeundi
739 2457 991 2547 dexteritatique
1017 2456 1078 2551 hu·
1148 2486 1151 2491 ·

57 2617 176 2660 manae
200 2591 307 2658 debita
326 2589 400 2680 jura
414 2584 628 2683 impertiendi
641 2591 883 2683 complectitur,
905 2605 938 2660 et
949 2597 1082 2679 tertiam

57 2732 203 2819 denique
233 2739 381 2795 auctores
413 2730 553 2795 sinistris
580 2731 621 2798 tle
649 2727 811 2820 stirpium
835 2731 1080 2798 statuendaium

59 2893 97 2932 ra
99 2868 187 2936 tione
220 2863 386 2953 suffragiis
419 2830 645 2956 reiiarguunt,
677 2889 946 2957 synonymorum
986 2868 1078 2958 sylva

57 2997 339 3072 obumbratam
434 2989 439 2999 ¹
1084 2972 1098 2979 a

98 3143 194 3226 Quae
214 3164 258 3214 ex
280 3151 414 3210 mutuae
431 3141 596 3210 fruticum
617 3143 828 3232 singulorum
849 3143 1074 3257 similitudinis
1133 3135 1140 3144 ⁵

50 3289 86 3346 ct
106 3279 234 3368 generis
262 3277 430 3348 affinitatis
451 3248 615 3347 naturalis
642 3278 735 3347 fonto
762 3292 896 3348 manant
927 3279 1073 3348 difficul-

46 3427 172 3484 tateset
186 3439 267 3506 quas
281 3417 337 3485 alu
351 3419 889 3502 auotorechrrmannusvc
903 3416 1071 3485 Miinch-

47 3546 1068 3642 bauscnins,Crantuius,Sohrankius;DuBaiias,
1096 3528 1107 3595 s

45 3691 330 3773 Bocbmcrus‚
352 3688 1068 3789 Reynierius‚Loiselenrit1saliique

46 3832 134 3899 inter
149 3818 372 3920 cognitionem
386 3788 546 3898 rimosam
560 3830 627 3920 jam
640 3831 809 3920 conquesti
818 3840 896 3896 sunt
908 3839 940 3895 et
951 3828 1068 3914 quibus
1140 3924 1143 3929 .

41 3967 259 4036 suadentibus
287 3969 358 4057 ipse
385 3970 596 4036 Linnacus
625 3970 666 4037 de
694 3969 877 4057 'specierum
905 3963 1068 4057 limitibus
1126 4048 1133 4056 ἱ
