2460 4634
418 325 559 385 exanten
586 302 823 399 succinctum„
890 359 892 379 .
1081 315 1121 381 at

95 496 224 586 generis
253 517 291 560 ac
319 493 457 581 figurae,
496 491 664 561 lubentius
692 504 803 559 tamen
838 468 987 577 aculeoli,
1026 497 1125 571 rudi-2
1151 578 1154 583 Ι

90 628 205 707 menta
227 614 337 702 aliqua
357 614 402 694 ing
409 614 527 683 cortice
546 614 768 701 relinquentes
786 613 838 693 vel
851 616 1122 704 contabescentes,
1165 652 1169 677 ι,

92 749 127 805 ct
148 736 254 802 aculei
276 713 395 822 integri
423 737 608 811 secedentes
637 734 818 823 faciemque
846 736 886 801 ab
907 735 1003 802 initio
1025 731 1125 826 piae,

85 857 215 948 primis
249 857 286 920 in
314 855 454 922 surculis
488 857 693 944 ramulisque
730 867 862 923 torvam
889 881 925 923 ac
951 857 1124 925 horridam

87 989 255 1069 exuentes
277 987 407 1043 etcum
435 978 563 1043 mitiori
592 989 625 1044 et
649 976 745 1065 plane
772 977 894 1043 inermi
921 989 1121 1046 mutuantes.

85 1102 132 1185 3)
153 1098 219 1164 Pili
239 1097 354 1164 frutici
383 1097 522 1187 juvenili
545 1100 612 1165 sive
645 1075 784 1164 novellis
811 1099 1011 1189 praeprimis
1028 1084 1122 1190 'pro‘-

85 1220 172 1309 prii,
219 1219 254 1282 in
288 1219 389 1284 ramis
425 1218 494 1308 jam
529 1220 696 1308 disparere
729 1243 765 1284 ac
790 1220 920 1286 tenuari
948 1220 1122 1309 incipiunt,

85 1340 130 1425 in
149 1351 267 1404 trunco
291 1351 401 1406 autem
422 1316 553 1435 penitus
575 1352 769 1407 evanescunt
789 1365 815 1405 s.
838 1341 972 1427 vestigia
993 1353 1125 1408 tantum

85 1460 261 1526 incondita
283 1473 316 1525 et
338 1438 714 1548 obsoleta'relinquunt,
743 1459 873 1529 'faciem
895 1461 1124 1551 eriophloeam

85 1581 197 1671 igitur
218 1603 294 1645 cum
316 1580 502 1670 leiophloea
523 1594 661 1647 mutant.
716 1581 948 1648 Accedunt:
980 1582 1015 1670 1)
1035 1584 1124 1653 roris

88 1702 214 1769 halitus
237 1702 307 1767 sine
328 1700 446 1766 habitu
467 1701 753 1791 glaucophyllin03
787 1700 823 1790 2)
844 1700 908 1789 pili
928 1705 1124 1789 praesertim

95 1822 133 1889 in
147 1802 294 1889 ramulis
316 1792 483 1906 floriferis,
504 1820 590 1887 infra
610 1821 814 1912 pedunculos
837 1843 879 1887 ex
901 1819 1030 1888 fruticis
1047 1825 1124 1891 nisu

90 1942 294 2033 wiopbloeo
325 1965 349 2006 s.
379 1942 614 2031 eriophyllino,
657 1943 768 2029 generi
806 1918 937 2030 integro
965 1945 1125 2033 proprio,

85 2064 209 2133 taciem
251 2054 485 2155 lciophloeam·
503 2064 605 2150 igitur
634 2064 797 2128 dirimunt
827 2073 860 2127 et
886 2062 1012 2151 pubem
1046 2063 1127 2154 pilis

85 2184 306 2276 paucioribus
342 2184 474 2248 nonnisi
501 2196 738 2273 praenotatam,
776 2183 937 2249 ludicram
964 2185 1124 2265 reddunt3

85 2305 115 2398 3)
137 2306 327 2392 glandulae
373 2305 536 2394 stipitatae
571 2307 607 2370 in
649 2297 860 2372 ramulorum
893 2303 1125 2371 floriferorum

85 2426 226 2514 bntjgio
235 2448 247 2506 3
279 2427 321 2518 ⁸4),
350 2424 579 2513 glandularum
593 2437 626 2492 et
642 2427 869 2494 aculeolorum
882 2425 976 2492 initia
991 2425 1125 2515 juveni·-
1151 2458 1168 2482 υ

85 2554 121 2618 iu
145 2530 222 2615 sub
244 2544 450 2634 epiderfnide
471 2545 691 2612 delitescentia
712 2570 771 2613 nec
794 2557 898 2612 semet
924 2547 989 2612 rite
1015 2545 1125 2611 infor·

85 2669 227 2751 mantia,
251 2667 352 2753 inque
373 2664 431 2731 illa
452 2689 539 2754 nunc
566 2667 766 2756 papillarum
794 2665 964 2731 fuscatum
991 2664 1125 2752 promi-

85 2791 251 2859 aularum
281 2785 400 2874 (facies
429 2789 572 2872 aspera),
608 2810 696 2852 nunc
722 2786 927 2882 macularum
954 2783 1125 2850 furcarum

85 2935 102 2983 t.
124 2907 310 2977 bullarum
340 2907 551 2992 integrarum¹
573 2931 599 2971 s.
629 2906 718 2996 apice
746 2905 952 2972 seclusarum
977 2901 1126 2970 formam
1219 2989 1221 2992 y

85 3006 235 3099 induunt
271 3027 483 3114 viroremque
517 3029 606 3094 varie
640 3021 807 3108 mutante
836 3025 870 3112 6)
907 3031 1124 3109 cicatriculae,

85 3172 215 3238 *aeque
236 3169 326 3212 nunc
346 3147 493 3232 lineares,
516 3148 783 3233 semicirculares,
807 3160 1020 3230 transuersae,
1052 3145 1126 3213 sus-

85 3294 139 3339 ino
175 3290 227 3336 ex
247 3246 455 3356 petiolorum
485 3268 599 3358 lapsu,
643 3271 828 3337 internodia
864 3291 1039 3335 ramorum
1073 3268 1155 3367 di·-

85 3394 297 3479 itinguentes
325 3412 493 3477 ,spemque
533 3389 575 3456 de
611 3392 750 3478 gemmis
788 3389 1034 3469 succedentibus
1073 3385 1127 3453 fa-

85 3515 234 3591 cientes,
282 3531 371 3574 nuno
398 3509 540 3599 majores
572 3523 604 3579 et
633 3512 776 3595 latiores,
805 3510 922 3593 ovales,
952 3509 1125 3597 oblongae,

85 3630 347 3719 longitudinales
369 3652 413 3697 ex
432 3614 558 3698 aculeis
587 3633 737 3724 delapsis,
757 3609 884 3715 ⁸faelem
905 3638 1126 3696 cicatricatum

86 3753 292 3842 plerumque
314 3750 386 3816 aliis
408 3753 658 3841 quibuscunque
678 3754 769 3840 rugis
797 3752 956 3842 plicisque
983 3750 1125 3815 fortuito

91 3871 393 3941 intercurrentibus
414 3872 557 3939 mixtam
577 3875 780 3941 inducentes.
846 3874 1128 3938 Succrescunt

91 3989 255 4061 fortuitos
280 3994 314 4074 1)
329 4016 444 4080 rugae,
463 3975 557 4074 eulcl,
579 4003 683 4063 tricae
701 4016 851 4085 prorsus,
872 3991 997 4078 figurae
1017 3989 1130 4054 variae·
