2460 4634
398 334 538 379 examen
566 312 794 398 succinctum..
1062 323 1107 393 19,

70 504 177 569 vitam
214 501 369 592 expleant
406 525 544 591 eamque
572 503 776 590 vegetatione
802 488 993 596 ‘continuata
1019 530 1123 601 conf=
1209 482 1217 521 Ἰ

64 603 213 690 sumant.
256 622 427 689 Frutieulo
450 625 517 690 sivc
538 618 688 699 seminali
709 625 778 692 sive
806 625 974 691 viviradici
1004 628 1103 717 iunof
1142 690 1145 713 ,Υ

10 762 13 831 ζ
64 745 158 813 vatio
198 766 241 809 ex
269 746 408 832 gemmis
436 746 574 834 propria
604 756 661 828 est,
699 768 758 811 nec
789 745 859 813 sine
886 745 939 811 his
967 759 1102 816 truncus
1144 768 1147 779 ’

62 862 231 933 ramulive
268 863 501 931 informantur.
568 866 651 930 Sunt
696 887 787 950 vcro¹
809 847 992 953 gemmae
1034 871 1102 937 sive

61 984 234 1053 foliiferae
255 985 365 1051 solum
395 987 462 1055 sive
490 977 700 1052 ramuliferae
730 1009 850 1073 eaeque
878 987 1013 1073 mixtae,
1047 1012 1103 1055 ra·
1140 1049 1141 1053 ,
1198 1026 1201 1031 -

11 1154 16 1161 -
62 1107 203 1175 mulum
223 1107 394 1173 novellum
415 1107 562 1173 sterilem
584 1132 610 1172 s.
618 1088 847 1173 ¹fructiferum
865 1092 1100 1197 ielinquentcs.
1137 1092 1170 1203 ι’
1209 1128 1218 1141 ·

62 1229 271 1315 Utreeque'
261 1250 297 1293 in
317 1227 473 1316 plurimis
503 1227 672 1315 speciebus
701 1229 876 1346 solitariae,
907 1232 996 1319 apud
1016 1253 1102 1318 non-

61 1332 176 1417 nullas
206 1349 291 1413 circa
318 1347 528 1413 ramulorum
552 1344 727 1437 fastigium
756 1350 915 1437 geminae,
958 1374 1102 1440 emersae

62 1470 139 1534 sive
159 1467 243 1533 intra
264 1466 427 1533 foliorum
450 1468 564 1534 axillas
580 1468 800 1535 delitescentes
817 1472 977 1556 (gemmae
996 1479 1103 1539 intra
1174 1488 1179 1494 '

46 1593 254 1674 subticens)
278 1587 436 1674 lignoque
471 1591 640 1678 adpressae
668 1590 736 1654 sive
766 1590 967 1657 cicatriculae
989 1616 1103 1681 wannu
1137 1651 1139 1655 ,

58 1710 182 1776 lorum
203 1710 417 1797 stipularium
439 1721 673 1775 succrescentes
697 1708 741 1795 (g.
763 1713 884 1794 nudae)
903 1713 1103 1801 &crepidique

67 1830 210 1899 elevatae
230 1831 417 1917 impositae.
463 1831 622 1894 Geminae
650 1827 813 1894 foliiferae
842 1827 1003 1896 biformes
1033 1856 1102 1915 esse

59 1951 192 2017 solent:
234 1949 314 2016 aliae
332 1951 425 2030 intus
449 1949 653 2036 ,deplanataq
690 1960 787 2014 extus
818 1950 1102 2037 conveniusculae,

57 2072 157 2162 apice
180 2071 381 2136 rotundatas¹
398 2081 430 2135 et
450 2069 602 2159 primum
624 2091 667 2134 ex
688 2069 834 2155 squamis
864 2070 958 2135 binis
978 2069 1102 2160 jugiter

55 2191 329 2275 conniventibus,
359 2190 458 2271 altera
479 2192 640 2256 nimirum
661 2191 697 2255 in
724 2190 901 2265 rostellum
929 2190 1118 2258 humatum.

53 2290 230 2404 producta
281 2298 416 2381 alteram
466 2311 618 2387 obtusam
668 2312 838 2398 obtegente
888 2314 1101 2401 compositae,
1151 2301 1153 2304 ¹

55 2433 187 2527 eodem
209 2454 293 2497 anno
322 2443 400 2521 post
430 2431 610 2496 solstitium
639 2432 674 2496 in
695 2431 827 2517 lolium,
865 2434 998 2523 stipulis
1021 2458 1101 2501 eon-

55 2554 192 2624 'volutis
223 2551 415 2638 foliolisque
452 2553 555 2618 ternis
576 2542 782 2640 ¹stipularum
812 2554 967 2621 auriculis
995 2554 1101 2619 inter-

55 2673 159 2767 jectis
190 2674 416 2760 compositum
444 2675 609 2757 abeuntes,
636 2671 754 2738 -fundo
784 2698 933 2771 gemmae
960 2672 1101 2739 ramuli·

53 2794 156 2863 ferae
177 2793 314 2858 initium
335 2795 485 2879 sequenti
514 2816 598 2858 anno
631 2816 799 2880 emergens
836 2818 898 2871 nec¹
929 2793 1100 2860 ramulum
1157 2810 1162 2814 “

57 2924 293 3013 assurgentem
322 2912 658 3001 comprehendentem
712 2914 836 2978 aliae
826 2937 861 2979 1n
889 2913 1121 3003 ramulorum·

51 3031 295 3105 floriferorum
317 3033 437 3119 axillis,
479 3056 523 3101 ex
545 3035 691 3124 squamis
721 3035 835 3119 ovatis,
873 3034 1100 3125 amplexicau-

52 3130 166 3238 libus,
189 3134 349 3222 viridibus
371 3158 582 3245 compositae,
604 3158 831 3223 rudimentum
852 3157 975 3222 ramuli
996 3166 1101 3222 semet

52 3275 287 3360 intermistis,
322 3276 489 3365 stipulis
479 3301 515 3342 m
541 3277 735 3343 fasciculum
761 3277 981 3365 cylindricum
1019 3298 1100 3340 con-

54 3396 226 3475 volutum
262 3398 474 3465 involventes.
541 3401 696 3464 Gemmas
725 3399 882 3487 primitus
911 3398 1024 3464 statim
1059 3397 1100 3461 dc

53 3516 208 3587 ramulis
228 3529 262 3585 et
281 3517 366 3585 flore
382 3531 571 3608 sequutura
594 3543 688 3610 spem
717 3517 883 3606 facientes,
918 3540 999 3585 vera.
1022 3525 1101 3608 sunt

53 3637 279 3707 ramulorum
300 3639 492 3707 florentium
513 3639 738 3722 hibernacula3
778 3651 900 3724 ovatae,
931 3637 1101 3703 obtusius·

55 3760 170 3844 culae,
202 3783 264 3849 pro
292 3762 381 3828 varia
415 3761 543 3845 liuticis
572 3763 682 3831 indole
711 3761 776 3846 1010
790 3798 833 3812 -
847 3785 874 3827 si
898 3756 1099 3846 eriophloea,

54 3903 157 3950 nunc
179 3881 309 3969 glabrae
330 3904 418 3979 nuuc
437 3883 628 3974 puberulae,
652 3906 695 3951 ex
716 3882 862 3972 squamis
884 3879 998 3963 oratis,
1033 3878 1101 3941 irn-

55 4000 214 4087 11110οὼ,
244 4003 405 4089 scariosis,
434 4003 535 4085 fuscis
557 4007 769 4096 compositae,
806 4003 933 4089 clausae
959 4018 1099 4091 prorsus

839 4107 886 4173 2*
