2474 4644
70 322 81 345 ⁹
170 332 214 397 46
472 324 620 393 Pettium
639 325 744 395 Rosae
766 268 894 403 leuticii

56 532 59 551 ¹
77 560 80 570 ι
141 517 279 582 ‘larum
299 513 464 609 sensilium
485 526 519 582 et
540 515 763 606 slipitatarum
785 521 877 595 color
892 519 1000 586 varius
1018 512 1194 593 seeundum

169 639 247 706 solis
283 634 471 733 inflexum:
525 636 662 704 intactae
689 650 730 704 'et
760 663 778 705 a
807 639 875 706 sole
903 652 1073 712 retractae.
1095 646 1220 734 stipiti,

169 759 357 828 concolores
381 758 543 842 exalbent,
580 757 657 824 solis
679 760 781 824 radiis
801 772 902 826 tactae
924 762 977 828 vel
998 761 1068 828 luci
1092 785 1191 854 expo·

168 883 248 949 sitae
270 902 357 945 nunc
378 879 498 952 flavent
520 903 595 945 cum
609 881 717 946 nitore
737 874 897 965 resinoso,
918 905 1005 982 nunc
1031 885 1190 967 stillarum

167 1005 391 1070 resinosarum
411 1001 513 1064 instar
533 999 726 1094 fuscescunt,
759 1023 847 1067 nuno
867 1025 979 1068 rosam
1000 1005 1147 1071 subeunt
1164 997 1191 1072 et
1227 1032 1229 1055 ι

169 1148 213 1195 ex
232 1124 293 1189 hac
314 1123 450 1188 demum
470 1121 617 1209 perbelle
638 1132 891 1210 p'urpurascunt
919 1124 1010 1189 senio
1035 1128 1191 1192 conlectae

169 1258 280 1312 autern
303 1265 418 1308 omnes
440 1243 657 1327 corrugantur
680 1253 713 1308 et
734 1244 863 1309 sordide
886 1245 1005 1310 albent.
1067 1248 1191 1328 Quam·

168 1369 217 1433 vis
240 1363 410 1453 glandulae
438 1361 554 1428 foliola
580 1385 732 1428 rosarum
766 1365 950 1430 obsidentes
979 1377 1012 1431 et
1043 1369 1190 1434 omnibus
1226 1352 1229 1395 ³

77 1561 79 1571 Ι
167 1486 305 1554 rosaceis
327 1482 513 1566 familiares,
536 1482 643 1570 neq'uo
666 1485 706 1549 ad
727 1455 844 1571 stirbes
867 1485 1122 1573 distinguendas,
1155 1488 1193 1554 ad

121 1644 124 1648 *
169 1632 249 1698 quas
271 1605 477 1696 praetervisis
499 1604 710 1680 varietatibus
732 1603 986 1693 stiotophyllinie
1007 1609 1189 1695 promiscue
1227 1612 1229 1625 '

74 1700 84 1792 ἲ,
167 1727 473 1811 intercurrentibus,
517 1725 557 1791 ab
587 1719 741 1790 omnibus
759 1726 968 1809 ,auctoribus
1012 1749 1116 1816 neque
1148 1726 1188 1795 ad

167 1873 268 1939 genus
290 1848 521 1932 ordinandum,
552 1847 593 1912 ad
613 1847 703 1933 quod
725 1855 742 1910 a
764 1845 804 1912 cl.
826 1850 933 1912 Itonia
956 1848 1059 1914 invita
1078 1859 1192 1915 natura
1227 1911 1229 1927 ,

168 1971 359 2050 abutuntur,
402 1967 483 2053 quid
517 1965 644 2032 valeant
679 1965 844 2052 fidemque
864 1967 976 2033 'ullam
1012 1962 1191 2061 spondeant

38 2061 57 2101 ⁵
167 2088 221 2156 vel
242 2085 543 2173 solum-'varietates
565 2084 825 2174 stictophyllinas
848 2099 999 2173 statuant,
1029 2090 1192 2176 insignem

166 2220 278 2275 temen
298 2207 335 2301 in
356 2179 551 2282 loliolorum
573 2216 605 2272 et
626 2183 753 2273 fruticis
766 2207 884 2295 integri
901 2178 1191 2283 habitu'mutando

94 2378 97 2391 .
168 2341 201 2398 et
221 2328 353 2418 penitus
375 2327 568 2394 invertendo
599 2328 761 2417 arripiunt
786 2340 982 2417 potestatem
1012 2353 1191 2419 omnesque
1227 2316 1229 2321 ⁵

52 2452 56 2458 ’
167 2449 394 2547 observatores
415 2447 600 2514 illuserunt.
665 2447 923 2529 Indolescilicet
944 2450 1191 2538 stictophyllina
1219 2492 1229 2575 ¹,

61 2617 65 2624 -
165 2549 387 2660 praevalente?
412 2567 455 2658 ’1)
479 2567 605 2673 frutex,
614 2568 725 2652 simul,
755 2569 949 2657 praesertim
971 2570 1059 2636 inter
1078 2571 1191 2643 nisum
1227 2578 1229 2611 ¹

123 2766 126 2775 ,
159 2689 456 2781 etictophyllinum
480 2711 497 2754 e
519 2691 760 2792 seminenatus
784 2713 886 2778 eoque
908 2713 1101 2786 praegnans,
1134 2691 1206 2758 de·

164 2811 593 2905 Primnum-distorquetur,
615 2811 731 2905 habitu
751 2833 841 2895 raro,
862 2786 1015 2877 tortuoso
1037 2823 1071 2878 ct
1092 2824 1189 2879 torvo

164 2933 361 3025 praecellere
382 2934 523 3018 videtur,
559 2943 592 3000 et
614 2934 654 2998 ab
674 2915 734 2997 hac
755 2931 1016 3022 metamorphosi
1046 2933 1107 2998 vix
1128 2932 1191 2999 nisi

164 3055 230 3122 loci
251 3054 493 3149 conditionibus
514 3052 698 3118 faventibus
729 3053 871 3134 aberrat3
904 3051 945 3142 ²2)
970 3051 1088 3119 aculeis
1111 3052 1191 3142 plu-

164 3176 261 3243 rimis
296 3198 332 3242 ac
360 3174 565 3260 longioribus
592 3170 716 3257 horret,
759 3172 906 3239 indolem
938 3152 1191 3263 polyacan'tham

18 3342 22 3349 -
68 3310 70 3315 ’
164 3297 283 3379 induit,
312 3309 433 3360 novam
454 3293 552 3382 plane
574 3305 646 3361 eta
667 3294 809 3382 genuina
830 3295 941 3384 stirpis
962 3305 1081 3362 natura
1110 3280 1214 3364 alie·¹

56 3404 60 3413 ’
163 3438 258 3496 nam3
295 3413 329 3504 3)
343 3396 451 3480 ¹flores
471 3414 571 3507 simul
592 3413 724 3505 profert
752 3426 826 3481 tum
856 3439 875 3481 a
903 3415 1013 3482 colore
1044 3417 1192 3503 genuino

162 3548 238 3603 tum
260 3559 278 3602 a
299 3545 390 3602 sueta
411 3534 635 3622 magnitudine
657 3509 876 3622 desciscentes,
897 3537 1096 3631 imminutos
1118 3536 1194 3628 ple·

162 3678 306 3743 rumque
328 3678 364 3721 ae
385 3678 557 3722 cumrosa
577 3656 679 3724 debili
698 3657 873 3747 pallentem
915 3657 950 3748 3)
972 3656 1092 3724 foliola
1120 3626 1218 3751 ipsal

163 3777 268 3864 magis
308 3778 529 3844 retundantur
556 3788 660 3866 utque
693 3779 778 3845 hane
815 3767 958 3866 liginam
984 3779 1090 3844 modo
1121 3781 1196 3851 basi

124 3968 127 3976 ,
162 3897 266 3964 modo
309 3898 400 3987 apice
436 3898 575 3966 induant
610 3901 815 3982 innituntur,
864 3898 952 3965 inter
980 3923 1015 3966 se
1050 3921 1198 3967 coneur-

162 4029 242 4085 runt
269 4019 385 4107 magis,
414 4020 623 4090 mediotenus
651 4019 695 4089 ob
720 4027 856 4088 'nervos
886 4020 1062 4090 validiores
1092 4043 1196 4112 saepe
