2460 4634
126 352 151 438 6'
483 363 535 429 Dc
556 362 663 428 Rosae
684 380 803 448 genere

92 548 94 563 ¹
134 559 265 650 (Deapn.
286 553 362 623 XV.
384 552 475 644 682),
497 575 516 620 a
536 553 648 619 Pb'm'o
677 549 739 634 (H.
761 548 805 614 N.
826 525 1169 635 XXI.1l.)rctracta-

132 691 209 747 tum
235 688 268 745 et
297 676 478 771 secundum
512 672 601 738 hunc
641 663 677 738 in
709 673 852 791 Cognata·
881 669 1171 736 observationibus

134 780 177 888 (i.
200 799 268 890 77.)
291 784 513 880 emendatum,
534 784 639 881 scrius
661 795 813 870 eolasio,
839 793 871 856 0.
893 790 1060 879 Bacchiae,
1080 791 1170 855 naa-

135 915 231 989 draeo
255 918 391 1009 aliisque
418 917 634 1007 exscriptum,
672 917 797 1002 inquo
824 898 967 1002 quidem
995 904 1196 977 Rosamrii

134 1040 334 1110 differentias
355 1039 538 1131 permultas
559 1060 603 1104 ex
624 1012 797 1103 foliorum
807 1046 961 1118 numero,
991 1031 1176 1120 paucitate,

136 1146 319 1268 asperitate,
340 1160 481 1246 laevore,
504 1159 615 1226 colore
638 1169 672 1225 et
694 1158 808 1267 odore,
836 1176 880 1222 ex
901 1153 1044 1221 floribus
1076 1167 1176 1243 peta-

135 1284 177 1350 lis
191 1294 237 1356 ιιι
257 1282 459 1389 plurimum
467 1280 588 1369 quinis,
611 1268 781 1361 duodenis,
804 1277 925 1344 vicenis
946 1261 1179 1366 plurimisque

136 1385 350 1472 interioribus
372 1403 494 1468 sensim
515 1396 713 1480 minoribus,
743 1397 935 1487 compositis
956 1395 1047 1481 facit,
1078 1397 1176 1464 illas-

138 1533 229 1637 que
233 1500 313 1619 Gcnt
316 1504 425 1591 isolias
452 1528 696 1602 (ιιιιοιιαφὺιιας)
730 1517 796 1584 dict
783 1529 841 1601 tas,
882 1517 967 1583 circa
996 1516 1176 1608 Philippos

137 1625 240 1734 inque
253 1614 421 1735 Pangaeo
430 1643 538 1721 ubert
514 1654 576 1709 trm
596 1644 753 1732 vigentes,
777 1638 931 1704 inodoras
954 1637 1052 1726 plane
1074 1648 1107 1704 ct
1129 1638 1172 1704 ab

116 1754 212 1838 ,aliis
229 1766 407 1834 alabastros
423 1764 631 1854 glandulosos
644 1760 902 1854 proferentibus,
926 1758 1176 1825 odoratissimas

139 1887 283 1957 diversas
319 1888 451 1970 indicat,
487 1896 521 1953 et
545 1885 584 1951 ab
607 1885 772 1973 ejusmodi
800 1880 988 1969 fruticibus,
1010 1893 1069 1948 τοῖς
1083 1887 1184 1960 dotata

139 2016 189 2070 κὰτ
205 2014 297 2084 ἐξοχὴν
319 2008 425 2084 dictis,
447 2007 515 2072 sive
538 2031 556 2072 a
576 2007 660 2071 rosis
675 2006 784 2073 sativis
805 2026 837 2071 v.
857 1995 1055 2087 domesticis,
1077 2003 1185 2068 Dios-

142 2130 252 2193 cort‘de
267 2136 311 2206 ,(π·
334 2134 398 2204 ὕλης
414 2136 510 2206 lavatu-
535 2125 561 2191 l·
593 2127 679 2218 123.)
709 2136 898 2217 praecunte,
936 2100 1064 2210 veteres
1097 2121 1184 2191 alias

142 2249 270 2337 caninas
291 2271 317 2313 s.
340 2247 515 2336 sylvestres
532 2256 585 2306 τῶν
601 2238 765 2325 annotatae&
781 2247 930 2330 nomine,
952 2234 1090 2310 frutices
1121 2244 1184 2308 ni·

142 2356 270 2436 mirum
291 2367 377 2433 rubo
399 2366 498 2455 longe
525 2365 680 2457 majores,
717 2369 970 2450 arborescentes,
1005 2361 1102 2430 foliis
1129 2362 1186 2430 la·

123 2472 283 2554 ¹tioribus
305 2510 407 2575 quam
434 2498 577 2576 myrtus,
617 2486 735 2554 aculeis
765 2490 848 2554 circa
880 2487 988 2574 virgas
1014 2471 1186 2569 robustis,

143 2602 229 2675 flore
257 2608 404 2692 candido,
441 2604 555 2672 fructu
584 2607 740 2695 oblongo,
780 2608 884 2676 olivae
913 2605 1031 2673 nucleo
1062 2602 1186 2690 simili,

49 2750 57 2755 ·
112 2767 113 2771 =
145 2714 384 2797 maturescente
405 2726 510 2813 fulvo,
533 2729 620 2794 intus
643 2723 796 2817 lanugine
820 2729 962 2817 quadam
986 2726 1213 2813 ossibusque

146 2849 246 2942 pleno
282 2852 424 2939 insignes
460 2850 644 2939 distinguit.
709 2851 792 2917 Aliis
830 2849 911 2916 locis
940 2842 1066 2914 Rosam
1092 2845 1188 2914 inter

147 2968 334 3038 suffrutices
365 2982 545 3054 enumerat,
582 2971 748 3036 cacumine
769 2980 934 3060 perpetuo
954 2964 1110 3039 'virentes
1145 2966 1185 3057 (].

151 3060 229 3180 lb),
252 3090 351 3157 flores
373 3091 417 3154 ob
439 3111 566 3175 ungues
589 3101 622 3155 et
644 3092 782 3157 stamina
803 3082 984 3172 discolora,
1017 3084 1188 3154 bicolores

151 3210 193 3297 (I.
224 3202 305 3305 ιι),
338 3232 451 3286 ramos
480 3202 649 3276 aculeatos
670 3235 822 3301 spargere
852 3209 908 3301 (Π.
934 3207 999 3297 16.)
1028 3205 1191 3298 perhibet

156 3332 302 3420 quidem,
338 3330 423 3396 nihil
451 3343 562 3396 tamen
593 3332 684 3418 quod
704 3334 788 3399 scitu
809 3334 948 3420 dignum
968 3327 1022 3398 vel
1051 3328 1092 3395 ad
1132 3327 1192 3396 hi-

153 3453 291 3519 storiam
311 3448 421 3520 lucem
441 3452 608 3519 foenerari
630 3455 744 3542 possit,
768 3431 870 3520 addit.
961 3522 964 3529 ,

215 3573 351 3641 Veteres
388 3573 427 3639 ab
462 3575 698 3661 antiquissimis
733 3575 810 3641 inde
840 3572 1050 3681 temporibus
1087 3572 1195 3639 Rosis

153 3660 317 3759 culturam
339 3693 532 3779 adhibuisse,
555 3697 750 3772 Herodotus,
784 3676 1033 3780 Theophrastus,
1062 3693 1197 3759 Nican-

156 3815 226 3890 der,
255 3816 384 3880 Planus
407 3826 440 3881 et
470 3813 537 3892 alii,
567 3817 625 3902 qui
654 3815 723 3880 hos
738 3815 942 3904 exscripsere
970 3815 1197 3902 ipsorumque

157 3928 317 4015 fruticum
347 3936 530 4002 sativorum
550 3947 730 4024 proventus
759 3957 795 4001 ιιι
817 3957 936 4001 corum
962 3935 1199 4000 monumentis

159 4052 291 4141 laudati,
314 4067 411 4123 testes
433 4066 519 4121 sunt.
586 4054 701 4121 Varias
730 4053 859 4122 colendi
887 4054 1031 4121 rationes
1060 4056 1200 4122 Pb'm‘as
