2474 4644
119 280 165 347 80
333 358 335 362 ‚
422 277 573 346 Bartium
586 278 699 347 Rosae
719 278 849 351 trutic'is
923 272 927 289 '

120 460 198 535 tum
232 467 373 536 interius
416 478 590 556 tenuetur,
634 456 781 538 ex‘terim
818 488 898 557 veno
931 472 1125 559 masuam

119 589 651 681 b)sepaladenuoconfirmentur;
673 590 847 684 7)borticis
854 593 1124 683 integritusantun,

120 712 241 780 eodem
261 709 360 803 plane
387 712 491 811 morlo
512 722 552 778 ut
571 711 776 779 in'Diuntbis
798 713 995 804 plenifloris,
1015 727 1123 805 nostu-

118 834 209 899 tibus
231 835 444 898 Platanetten
463 832 571 915 dictis,
599 831 792 899 diffindatur
810 845 845 900 et
866 837 902 921 8)
923 847 1002 926 po'st
1019 836 1134 927 petalo.

116 979 197 1022 rum
219 975 342 1038 casum,
370 953 617 1020 interaneorum
646 955 798 1021 omnium
818 955 842 1021 i.
870 978 901 1023 e.
927 955 1122 1046 carpellorun

107 1074 317 1144 'effoetorum
337 1063 507 1162 'congeries
534 1073 767 1164 stylorumque
795 1075 915 1163 globus
945 1099 1025 1145 cum
1050 1089 1137 1169 stup·-

117 1220 161 1288 pa
188 1193 402 1286 superhabitu
423 1205 456 1262 et
482 1195 652 1285 interjecta
686 1196 935 1286 profundantur
966 1188 1127 1289 malusqu'

118 1316 286 1383 alabastris
308 1337 439 1407 semper
456 1318 555 1383 cussis
576 1318 788 1407 impertiatur
806 1315 949 1386 habitus.

186 1442 342 1504 (termina
362 1438 399 1503 in
424 1435 591 1502 alabastris
619 1459 762 1505 numero
784 1437 870 1505 varia
893 1441 1019 1511 6-10
1046 1440 1125 1525 (ulei

118 1563 341 1648 ols‘goeperms)
382 1562 424 1627 10
437 1592 483 1608 -
497 1563 539 1625 60
591 1554 689 1647 (atat.
721 1560 955 1645 polysperms’),
1005 1558 1130 1629 lateralia

117 1681 188 1748 basi
208 1680 376 1765 declinata,
398 1679 434 1745 in
455 1675 564 1745 fulcro
586 1677 779 1746 brevissimo
803 1682 998 1765 (trabecula,
1014 1680 1131 1770 ‘pelun-

117 1803 212 1870 culus
245 1822 401 1869 carnosus
429 1822 564 1868 emceus
597 1798 744 1887 (laerta.)
772 1811 848 1865 tum
874 1786 1134 1892 trophospeimio'

115 1936 192 1990 tum
221 1921 365 2012 germini
393 1931 479 1987 arcte
512 1931 674 2005 concretu,
715 1919 911 2006 subsessilia‚
952 1921 1132 2001 intermsd'n

116 2044 270 2133 longiora
291 2065 309 2108 e
331 2040 493 2149 sarcobasi
513 2053 704 2136 assurgente
724 2053 911 2125 sustentata,
941 2053 1067 2133 stuppa
1088 2044 1131 2109 ia-

116 2164 231 2232 voluta
245 2166 369 2246 (semen
388 2152 542 2249 lanugine
556 2171 702 2250 oportum
718 2166 817 2239 Plau,
839 2164 943 2241 Hau,
963 2172 1044 2231 seta
1064 2166 1130 2231 atta

116 2293 248 2353 sericeis
261 2288 449 2372 adspersum
463 2287 607 2383 Guertn„
627 2307 735 2355 remeat
750 2286 910 2369 hispidum
924 2286 1036 2365 Lina„
1048 2280 1129 2371 ὅκοι)

115 2430 219 2496 euque
240 2407 391 2496 adpressa
412 2417 508 2472 extus
523 2407 687 2496 ¹apieeque
716 2426 852 2471 comeso
875 2405 975 2473 dense
1005 2408 1129 2489 obsessa,

115 2529 203 2595 intus
222 2527 280 2594 ille
300 2504 456 2595 destituta
478 2537 510 2592 et
532 2526 635 2616 raphe
656 2509 888 2612 longitudinali
917 2525 960 2592 ad
988 2527 1069 2616 styli
1087 2526 1128 2593 iu·

110 2642 295 2715 sartionem
315 2657 533 2738 procurrente
555 2648 655 2735 inque
675 2646 846 2735 putamine
869 2656 902 2712 et
921 2647 1059 2715 seminis
1084 2657 1126 2711 tu-

100 2770 185 2836 ·nitu
198 2791 248 2837 ex
264 2770 455 2836 mdiancnto
467 2768 643 2857 conspicua
662 2765 828 2856 inscripta,
851 2767 1005 2854 oblonga,
1028 2765 1123 2849 albida

33 2872 36 2885 '
112 2891 265 2982 purpose,
287 2892 324 2957 in
343 2889 483 2958 floribus
504 2864 698 2956 nonnose
721 2888 872 2954 aeaeae
887 2912 915 2953 s.
936 2887 1122 2978 pay-sa

97 3011 209 3100 stylis
231 3010 303 3077 fere
323 3035 458 3102 semper
478 3012 594 3097 effoeta
619 3011 732 3098 itaque
760 3009 1022 3076 contabescentis
1047 3004 1120 3097 styl'u

112 3130 366 3221 persistentibus
409 3143 563 3198 coronata
606 3137 640 3197 et
673 3130 839 3197 alabastris
875 3130 983 3217 cassis¹
1007 3130 1120 3197 inuno

112 3258 229 3319 Foeta·
256 3246 525 3339 grossificationis
561 3263 714 3341 tempore
744 3252 852 3316 denuo
881 3245 1120 3326 intumescente

111 3385 272 3462 putamen
293 3394 438 3457 osseum,
480 3373 604 3462 figurae
631 3362 814 3440 admodum
841 3373 949 3440 variae
977 3396 1037 3440 nec
1063 3381 1123 3437 eum

111 3491 279 3559 alabastris
300 3493 380 3584 ipsis
402 3500 576 3584 congruae,
606 3493 806 3584 plerumque
826 3516 870 3560 ex
890 3504 1044 3569 contactu
1061 3503 1124 3557 mt‘

110 3624 171 3682 tuo
193 3613 452 3704 multangulum,
486 3617 646 3703 utrinque
666 3636 905 3705 compressum,
942 3627 1039 3681 extus
1065 3605 1127 3700 gib·

110 3735 241 3821 besum,
264 3748 454 3802 antrorsum
466 3737 502 3801 in
524 3738 652 3826 apicem
672 3736 915 3825 aliquantulum
935 3724 1131 3801 inclinatum

109 3857 199 3924 intus
221 3858 434 3948 deplanatum
457 3868 712 3940 contractamus,
747 3857 874 3947 saepius
904 3868 1042 3924 ovatum
1061 3854 1137 3919 cufi¹

109 3978 270 4061 acumine,
300 4000 378 4043 raro
402 3979 782 4068 omninocylindricum
803 3990 836 4045 et
856 3989 956 4063 teres,
983 3974 1142 4045 albidutlb
