2474 4644
949 65 954 73 ι

900 120 907 162 l
1027 146 1032 161 ι

872 200 877 212 Ι

37 304 41 324 ’
120 358 123 363 “
156 341 218 413 40'
423 301 426 310 Δ
457 326 607 404 Partium
628 335 733 403 Rosae
751 308 880 402 francis

160 528 436 620 inaequaliterque
465 528 704 618 disponuntur,
748 523 873 617 folium
900 545 1040 615 prorsus
1073 524 1183 615 decre

65 695 67 699 -
161 629 468 743 sconti-pinnatum
488 670 566 714 cum
595 622 723 737 impare
748 657 901 714 extremo
932 669 959 712 s.
990 665 1036 714 ex
1060 645 1183 714 foliolis

161 757 248 840 inter
268 795 304 838 se
325 768 550 848 dissimilibus,
585 769 708 834 sensim
736 767 991 835 decrescentibus
1020 768 1183 857 cqmposi·

105 946 107 953 ,
160 907 237 960 tum
258 893 473 957 constituunt.
522 889 691 977 Foliolum
711 888 934 976 quodcunque
950 894 1098 987 paginus
1127 888 1183 955 du-

128 1069 132 1076 .
162 1013 276 1105 plices‚
316 1023 390 1084 ante
417 1011 644 1078 vernationem
679 1008 930 1114 qonduplioatas‚
970 996 1049 1098 post
1085 1005 1184 1092 illam,

47 1170 55 1183 κ
163 1119 346 1200 nervorum
375 1123 598 1198 contractione
631 1131 760 1219 saepius
788 1126 907 1196 ‘tamen
942 1129 1185 1213 interveniente,

91 1240 95 1253 ’
159 1252 366 1341 deplanatast
405 1251 545 1319 alteram
565 1259 762 1339 superiorem
784 1252 842 1336 (ἐπὶ
857 1248 925 1341 -),
965 1249 1105 1339 alteram
1138 1250 1187 1316 is·

136 1445 139 1457 ,
164 1372 325 1460 seriorem
361 1374 428 1458 (ὑπὸ
444 1371 501 1461 -)
531 1395 668 1460 eamque
693 1369 1141 1465 „plerumquepallidiorem
1166 1392 1189 1438 s.
1215 1418 1219 1425 -

68 1497 72 1509 “
165 1495 368 1577 dilatiorem,
396 1492 528 1558 nonnisi
549 1492 744 1578 discolorem
765 1481 972 1559 et'lubenter
991 1491 1070 1582 pilis
1097 1491 1189 1580 glan-

87 1679 90 1683 ,
166 1615 319 1702 dulisque
340 1614 504 1680 obsessam
526 1614 695 1703 expandit,
731 1623 764 1680 et
784 1624 913 1703 praeter
932 1611 1003 1700 has,
1040 1611 1187 1697 ¹aliasse-

163 1736 310 1803 cundum
334 1733 508 1829 ›labrioam
550 1737 714 1802 internam
753 1744 787 1799 et
819 1733 982 1799 'habitum
1017 1742 1188 1817 externum

93 1887 96 1952 ᾗ
165 1855 265 1922 offert
291 1832 482 1922 innumeras
521 1855 731 1922 differentias.
796 1855 848 1921 Ad
876 1852 1017 1920 lubricae
1045 1854 1218 1920 interme·

58 1965 61 1978 ¹
164 1978 331 2043 rationem
350 1976 464 2041 omnia
483 1966 635 2041 rosarum
656 1973 774 2040 foliola
793 1973 840 2038 in>
853 1997 892 2040 eo
921 1985 1120 2064 congruunt,
1155 1983 1192 2040 ut

164 2095 308 2187 petiolus
330 2096 516 2173 communis
537 2096 756 2179 mediotenus,
779 2095 849 2160 axis
870 2067 983 2180 insin,
1005 2094 1194 2162 addentem

164 2215 373 2282 terminalem
393 2228 563 2304 percurrat
584 2192 924 2302 (neromlpre'mora’us,
957 2223 1048 2282 costa
1069 2215 1193 2307 Mau),
1229 2302 1231 2317 Ι

164 2320 426 2428 simplicissimus
447 2359 586 2426 prorsus
608 2338 662 2421 sit,
692 2338 806 2404 subtus
828 2338 931 2424 magis
952 2338 1144 2428 promineat
1164 2347 1194 2406 et
1229 2348 1231 2359 '

16 2458 50 2484 ⁹
167 2457 247 2524 alios
268 2457 417 2523 laterales
440 2458 673 2547 suboppositos
695 2483 723 2524 s.
745 2448 898 2542 alternos,
936 2459 1118 2524 secundum
1136 2481 1194 2527 ua-
1228 2504 1231 2559 Ι

81 2615 84 2623 ,
165 2577 250 2646 riam
278 2577 390 2645 folioli
417 2578 626 2675 latitudinem
655 2580 696 2646 ad
722 2579 893 2667 angulum
911 2578 1016 2666 magis
1042 2578 1194 2646 minusve
1227 2562 1231 2573 ¹

166 2711 298 2766 acutum
332 2720 410 2765 cum
431 2700 643 2788 'intemnedio
670 2701 884 2786 divergentes‚
921 2700 1033 2766 minus
1061 2699 1195 2790 conspi-

165 2843 252 2906 cuos,
273 2822 415 2892 intense
436 2819 608 2910 parallelos
630 2831 663 2888 et
683 2823 828 2910 spatium
848 2821 1015 2907 quoddam
1044 2820 1065 2900 (
1056 2825 1194 2909 plagula

164 2946 382 3026 intemerata)
394 2939 647 3029 distinguentes,
680 2941 769 3007 ultra
789 2916 935 3005 mediam
954 2950 1086 3029 partem
1107 2939 1196 3008 hand

164 3060 262 3148 longe
289 3059 386 3149 infra¹
402 3062 587 3148 marginem
614 3059 861 3149 bi-tripartitos,
897 3059 1000 3125 altero
1029 3040 1196 3126 nimirum

68 3218 70 3228 ι
163 3177 230 3246 fine
251 3190 355 3245 semet
375 3178 498 3267 jugiter
519 3181 717 3268 excipientes
739 3181 915 3267 sinumque
936 3180 1198 3270 obtusangulum

165 3299 359 3382 claudentes,
400 3297 506 3364 altero
543 3310 655 3366 autem
683 3300 724 3368 ad
761 3302 866 3367 dentis
902 3322 1101 3368 mucronem
1138 3325 1199 3368 ex-

164 3415 331 3485 currentes
369 3418 497 3484 emittat
526 3419 683 3507 aliosque
708 3443 752 3487 ex
779 3419 843 3486 hoc
870 3419 912 3484 ad
941 3420 1085 3486 alterum
1122 3434 1200 3491 teu·

164 3539 275 3606 dentes
312 3561 374 3627 per
401 3538 511 3629 plagas
541 3541 756 3609 internervias
789 3551 927 3625 exserat,
970 3563 1013 3608 ex
1049 3562 1202 3628 quorum

164 3680 390 3755 venarumque
426 3659 668 3749 pellucidarum
701 3663 738 3727 in
766 3662 982 3750 quincuncem
1009 3661 1203 3750 positarum

119 3844 122 3849 ,
145 3801 328 3877 Υςγτοεᾳαθ
349 3781 509 3869 tricipites
532 3781 762 3849 ambeuntium
778 3782 953 3868 connubio,
977 3787 1202 3852 anastomosis

162 3899 321 3983 daedalea,
344 3900 520 3967 interstitia
543 3902 773 3990 quadrangula
788 3902 927 3995 majora
945 3913 981 3969 et
1008 3904 1145 3970 minora
1174 3931 1203 3980 s.

160 4018 342 4105 inaequalia
364 4021 492 4109 sepiens
514 4045 541 4088 s.
558 4022 706 4089 nervatio
722 4022 1046 4105 reticulato-venosa
1061 4026 1203 4113 (Ma‘rb.)
