2474 4644
314 314 347 373 ’.
430 302 591 401 'examen
617 321 829 389 succinctum.
984 336 986 341 ’
1040 314 1154 395 ΙΔ’41

119 509 359 589 constituitur„
416 508 583 578 Vesorum
618 509 795 599 spiralium
823 522 857 579 et
890 504 1155 597 excretoriorun'a

116 633 264 704 fasciculi
285 633 322 699 in
342 630 593 720 parenehymate
609 629 821 722 hypophyllo
843 630 1025 703 nervorum
1045 657 1156 703 emer·
1182 693 1185 701 .

117 756 272 847 gentium
284 775 512 841 senarumque
528 753 758 842 depressarum
776 753 1028 821 intertextarum
1047 754 1154 845 figura

116 876 324 970 prodeuntes
343 875 568 962 marg-inisqua·
594 873 739 941 limbum
767 875 937 964 integrum
963 872 1153 963 limi-tentes,
1220 859 1221 867 ¹

117 998 271 1067 multum
292 995 333 1062 ad
354 993 464 1084 folioli
485 995 741 1076 consistentiam,
765 984 1012 1087 expansionem,
1034 968 1153 1089 super-

119 1101 233 1187 ficiem
256 1127 290 1182 et
318 1113 464 1182 color-em
490 1111 625 1203 faciunt,
662 1127 766 1182 semet
793 1115 830 1182 in
856 1113 985 1183 foliolis
1010 1118 1093 1186 vivis
1121 1130 1155 1186 et
1224 1167 1229 1181 .

120 1208 293 1309 exsiccatis
325 1236 415 1303 varis
447 1232 642 1326 praenotant
669 1236 814 1326 ipsisque
832 1238 929 1314 uitiis
949 1235 1097 1305 -formae
1117 1262 1160 1332 ,3.Ι

119 1358 283 1429 monstris
322 1379 342 1422 a
378 1355 486 1444 figura
521 1367 593 1423 rata
620 1358 752 1445 gravius
788 1357 1013 1426 aberrantibus
1042 1381 1153 1426 ansam

79 1556 84 1560 ,
119 1479 291 1574 praebent.
358 1476 482 1545 Omnia
517 1487 629 1544 autem
658 1475 857 1560 foliolorum
884 1479 1056 1546 virorum
1068 1501 1153 1565 vasa,

116 1599 319 1695 praesertim
339 1579 421 1673 dum
440 1596 509 1665 luci
528 1599 758 1686 obvertuntur,
786 1599 961 1690 pellucent,
995 1611 1029 1668 et
1048 1600 1152 1667 modo

122 1747 236 1792 rosam
261 1718 406 1788 debilem
433 1731 603 1809 spargunt,
636 1721 777 1786 modo
770 1742 814 1786 ex
841 1718 966 1788 flavore
992 1722 1152 1790 subeunte
1212 1797 1217 1805 ,

130 1843 238 1910 diluta
256 1841 431 1923 albescunt,
460 1839 541 1905 dum
562 1840 689 1925 vivunt,
710 1863 798 1906 nuno
819 1863 944 1908 emersa
963 1835 1155 1931 prominent

126 1967 265 2050 (nm),
288 1984 375 2027 nunc
396 1982 474 2026 cum
494 1952 749 2050 parenehymate
776 1949 974 2050 aequalius.
1002 1963 1153 2052 depressa

93 2083 470 2170 ·delites'cnnt(aeaae)
491 2079 945 2170 plaguiasqueinternervias
978 2081 1152 2171 laevigatus

116 2205 292 2297 efficiunt3
344 2202 502 2268 exsiccata
523 2204 749 2293 constipantur
769 2174 878 2291 magis
895 2213 929 2271 et
945 2225 1050 2300 opaca
1070 2205 1150 2291 rede
1214 2277 1217 2283 ,

118 2329 251 2395 duntur
279 2334 425 2413 tuncque
453 2324 562 2391 eboris
598 2326 715 2410 (cenae
739 2327 926 2411 eburneae),
969 2349 1073 2391 cornu
1106 2328 1156 2410 (aa

102 2425 298 2533 tremene),
333 2470 362 2511 s.
397 2443 592 2538 cartilaginis
633 2447 681 2522 (a.
718 2451 968 2532 carte'lags‘aeae)
998 2444 1153 2513 'colorem

117 2578 290 2652 mutuant,
324 2576 356 2632 et
377 2566 461 2632 sicut
480 2567 516 2631 in
537 2563 620 2632 vivis
647 2565 716 2632 sive
742 2545 875 2654 penitus
902 2566 1005 2632 latent
1032 2571 1152 2654 (facim

119 2698 237 2783 henes,
270 2684 479 2776 tersa),'sive
500 2685 617 2752 subtus
649 2685 760 2766 solum
800 2687 846 2775 (v.
875 2709 902 2752 c.
932 2686 968 2751 in
994 2686 1035 2753 R.
1066 2681 1152 2752 Cha-

121 2807 349 2897 marbodo),
371 2809 438 2874 sive
459 2809 615 2892 utrinque
638 2804 682 2896 (v.
705 2829 733 2873 c.
755 2807 793 2871 in
813 2786 855 2875 Ii'i
877 2805 1055 2891 Banksiae)
1075 2780 1152 2873 'am-

118 2932 213 3023 ¹plius
235 2925 463 3021 prodeunt'et
482 2937 556 2991 tum
577 2927 623 2991 in·
638 2926 719 2992 viris
740 2938 814 2991 tum
836 2927 872 2992 in
900 2926 1066 2995 exsiccatis
1095 2926 1161 2994 io··

118 3053 214 3120 liolis
253 3049 373 3116 faciem
416 3047 500 3114 hanc
540 3046 742 3140 alteramque
775 3045 921 3138 perbelle
946 3047 1153 3137 reticulatam

117 3171 266 3241 reddunt
307 3173 426 3257 (facies
447 3139 761 3250 exarato-eierasse,
790 3143 947 3263 venarum
982 3175 1152 3236 reticulum
1195 3144 1201 3159 .

116 3297 324 3389 exaratam),
366 3311 467 3375 eaque
500 3290 684 3357 mutatione
720 3291 839 3379 stirpes
876 3289 1034 3378 quasdam
1057 3289 1151 3367 ¹haud

116 3413 239 3500 inique
259 3409 452 3498 significant.
496 3411 611 3497 Neque
631 3410 799 3478 minorem
820 3411 914 3477 nervi
935 3411 971 3474 in
991 3408 1074 3476 facie
1095 3409 1150 3476 io-

116 3534 290 3602 liolorum
312 3531 502 3623 explicanda
522 3528 644 3597 habent
664 3533 745 3616 rim,
767 3533 812 3598 ita
833 3543 872 3597 ut
893 3532 1055 3610 exnervis
1071 3522 1154 3598 late-

115 3655 249 3723 ralibus
273 3651 513 3742 approximatis
538 3651 802 3739 intermedioque
823 3634 1015 3740 constipato,
1051 3650 1155 3717 folio-
1181 3684 1187 3691 ·

115 3776 238 3842 lorum
272 3773 480 3841 vernantium
508 3777 618 3856 saetae
646 3775 885 3859 conduplicata,
927 3782 1005 3860 post
1037 3793 1154 3838 verna-

116 3896 254 3961 tionem
283 3915 328 3959 ex
361 3914 463 3959 nervo
498 3891 781 3978 longitudinaliter
809 3880 975 3968 contracto
1000 3898 1154 3968 concava,

118 4017 193 4083 sive
240 4010 382 4093 indole-
405 4011 652 4103 stictophyllina
684 4012 950 4113 interveniente,
1003 4017 1154 4080 carc'aata
