2460 4634
71 280 79 291 i
176 324 219 389 66
468 312 618 397 Pontium
639 314 744 381 Rosae
764 306 895 383 fruticis

176 507 290 576 abasi
327 505 485 573 crassiore
500 536 503 541 ·
520 503 719 595 plerumque
760 505 966 573 mediotenus
1006 506 1043 572 in
1078 528 1188 575 conum

71 630 75 637 ’
127 714 130 719 ⁵
175 626 416 696 acutiusculum
451 625 584 710 elevata,
612 622 821 693 'sarcobasin
862 626 908 691 sic
943 627 1065 693 dictum
1099 629 1186 696 veluti

50 830 58 837 .
173 749 363 832 mentiente,
404 759 553 814 ventrem
589 747 760 836 integrum
787 746 935 835 undique
963 758 997 814 et
1023 732 1184 837 aequaliter

144 884 145 888 ’
173 872 348 946 obducens,
369 842 489 957 stuppa
510 867 612 952 brevi,
634 867 753 954 fragili,
774 860 926 958 simplici,
947 867 1120 960 diophane,
1136 866 1205 965 lle-¹·

175 1002 323 1060 vescente
333 1012 393 1054 nec
404 984 538 1078 quoque
552 989 588 1079 in
602 988 756 1055 outes'ine
772 990 907 1078 pruritu
920 988 1099 1059 haesitante
1112 987 1180 1081 (έπ-

171 1111 260 1181 tecul
279 1094 385 1196 sealt.)
406 1110 574 1192 vestitum,
602 1107 865 1176 foecundationis
894 1098 1047 1201 tempore
1075 1109 1179 1201 gerni·

168 1234 280 1315 nibus,
302 1232 392 1298 inter
413 1241 446 1296 et
465 1241 544 1320 post
563 1233 789 1298 maturitatem
820 1232 981 1322 carpellis·
999 1250 1078 1300 eum
1104 1232 1177 1323 ‘stylis

169 1352 386 1421 insidentibus
406 1350 576 1436 farctum,'
593 1372 726 1418 sursum
747 1353 851 1440 magis
863 1359 1048 1420 'tenuatum
1068 1326 1184 1421 minu·-

115 1470 121 1480 '
169 1497 233 1565 que
262 1484 442 1563 stuppeum
477 1475 783 1561 (trophospermi'um
812 1476 934 1560 Rich),
966 1475 1062 1565 ¹intra
1091 1472 1179 1565 reple

169 1594 281 1664 autem
300 1599 423 1665 iterum
444 1593 637 1661 revolutum
667 1604 699 1658 et
728 1593 951 1679 incrassatum,
976 1595 1180 1683 'circumcirca

167 1719 212 1814 inl
224 1721 345 1786 deberem
366 1713 628 1807 trophospermii
649 1716 786 1799 (medius
800 1689 909 1796 ,rlorie2
919 1716 1089 1785 unibc'lc'cus
1103 1718 1183 1800 flet,

167 1845 283 1906 collum
305 1842 412 1920 Ision,
427 1842 517 1922 sous
552 1834 739 1924 Tranium),
767 1834 859 1902 floris
888 1839 1089 1928 receptaculi
1113 1837 1184 1906 vice

51 2034 54 2039 ,
168 1970 339 2077 gerentem
384 1955 802 2038 circinato-rotundatum,
845 1978 932 2023 nuno
975 1958 1184 2064 deplanctum,

169 2101 259 2145 nunc
273 2086 473 2143 convexum
495 2086 528 2141 et
542 2074 711 2182 conicum,
749 2098 837 2142 nunc
868 2060 1073 2147 mammillae
1094 2080 1185 2183 instar

165 2199 368 2290 productum
389 2218 543 2282 nuncque
570 2195 730 2264 urceoli
720 2211 822 2264 mstar
850 2188 1057 2304 excecatum·
1072 2204 1144 2289 (ἀ.Ι
1139 2224 1184 2269 acr-

153 2319 335 2403 'molotus),
374 2327 409 2384 ct
439 2317 483 2384 ob
511 2317 718 2386 stricturam
733 2341 821 2408 poro
842 2298 999 2408 rotundo,
1034 2321 1183 2413 laevigato

163 2461 228 2531 pro
250 2437 345 2529 stylis
366 2438 624 2506 transmittendis
641 2441 819 2523 reclusum,
841 2439 1036 2529 fungosum,
1057 2444 1184 2511 demun

95 2614 97 2618 ,
159 2559 343 2627 's'aturatius
378 2558 571 2642 coloratum,
608 2561 727 2651 sepelis
755 2562 909 2627 cinctum
926 2574 959 2629 et
987 2586 1031 2631 cx
1058 2564 1185 2631 scissura

162 2671 474 2748 bi-tri-lamollata
516 2682 737 2771 inconspicua=
755 2681 941 2771 patalarum
977 2683 1185 2765 insertionem

161 2801 378 2893 hypogynam
407 2801 598 2888 occultante,
639 2803 778 2868 stamina
813 2801 1010 2870 antherisera
1039 2826 1184 2875 exserens

159 2924 267 3013 iisque
291 2923 600 3009 contabescentibus,
622 2923 746 2989 diutius
768 2935 878 2991 tamen
899 2922 1184 3025 plerumqueflper·

160 3045 349 3110 sistentibus
386 3038 600 3128 obvallatum,
621 3080 666 3094 -
687 3045 726 3110 de
748 3045 866 3132 quibus
895 3045 1034 3134 siugulis
1062 3047 1186 3131 eodem,

158 3184 227 3252 quo
250 3164 435 3249 succedunt,
459 3165 574 3231 ordino
596 3163 777 3250 sigillatim
904 3144 907 3149 ’

223 3283 364 3351 Patala
387 3285 434 3370 (vt
453 3289 539 3366 φύλλα
570 3272 739 3373 Theopbr,
760 3265 842 3353 folia
863 3285 977 3379 Ptin),
1005 3310 1089 3377 quae
1117 3300 1185 3357 tro·

160 3403 423 3494 phospermium'
440 3416 653 3507 emersurus.
678 3409 783 3474 dbous
805 3409 955 3494 sustinet,
979 3411 1185 3494 exsaturat,

157 3530 357 3611 inexplicata
385 3551 420 3595 sa
420 3528 591 3594 turatius
586 3502 702 3616 tincta,
736 3527 872 3616 singulis
896 3530 1080 3598 convolutis
1109 3529 1187 3599 sibi-

157 3666 222 3732 que
243 3645 368 3734 jugiter
387 3648 654 3716 incumbentibus
682 3649 833 3737 genitalia
859 3647 975 3718 fovent
1005 3663 1039 3727 ct
1065 3672 1222 3717 conum
1219 3636 1222 3693 ¹

158 3767 262 3853 magis
284 3768 434 3838 minusve
456 3781 604 3852 ovatum,
642 3771 806 3837 acuminat
807 3791 866 3836 um
889 3771 1099 3856 obtusumve,
1135 3794 1187 3839 se-
1219 3710 1222 3785 i

156 3886 242 3974 polis
263 3890 350 3957 inter
370 3915 404 3958 se
427 3891 518 3980 apice
539 3890 698 3958 contortis
726 3889 890 3958 inclusum
919 3903 1085 3983 praestant
1114 3895 1189 3981 (go-

155 4011 242 4073 lewe
264 4014 396 4087 Aaron,
413 4015 574 4094 soliorum
590 4010 626 4100 (i.
642 4034 671 4079 e.
689 4011 891 4102 petalorum)
907 4023 1006 4100 σαρκί
1021 4026 1055 4081 et
1068 4021 1189 4103 ungat
