2460 4634
129 341 192 432 Ιἰο
262 292 276 303 “
454 313 602 396 Pontium
621 281 728 396 llosaa
747 310 877 401 tranas
904 412 908 419 Ι

151 523 348 612 crispantur,
369 519 469 587 dorso
490 540 638 586 convexo
660 538 795 587 sansum
815 516 1024 609 prominent,
1062 522 1176 592 sensim

151 642 257 732 magis
277 641 523 708 imminuuntur
551 650 584 705 et
605 639 689 706 circa
717 639 824 731 stylos
852 639 1025 709 bullarum
1054 664 1082 710 s.
1108 642 1177 710 vol·

151 782 269 832 varum
290 763 525 853 replicaturum
545 762 581 826 in
600 761 743 826 modum
764 766 997 850 congeruntur.
1051 762 1108 830 Ex
1125 748 1176 829 ba'c

151 884 340 976 petalorum
369 883 506 949 stamina
536 883 648 948 omnia
674 883 940 949 consumentium
967 860 1175 973 dispositione

117 982 122 989 ⁵
153 1018 224 1073 rata
245 1016 277 1072 et
299 1026 343 1071 ex
364 1005 571 1070 extiinorum
591 1002 762 1089 latiorum,
797 1025 1023 1071 concavorunr
1047 1004 1176 1072 sensim·

105 1156 114 1201 2
155 1148 222 1215 que
233 1112 501 1215 imminutorum,
515 1124 798 1213 complicatorum,
815 1124 951 1190 demum
962 1122 1179 1193 deflorescu-

156 1247 190 1314 di
207 1258 361 1335 ternpore
381 1246 488 1334 magis
509 1267 734 1336 expansorum
759 1245 908 1339 ratione,
920 1244 1113 1314 monstrosa
1133 1243 1178 1313 illa

110 1413 118 1429 .
155 1376 189 1433 at
216 1365 374 1432 concinna
401 1388 554 1457 rosarum
582 1364 689 1453 figura
725 1363 871 1456 globosa,
911 1362 1178 1451 semiconnivena,

155 1487 324 1577 gremium
360 1486 496 1552 dilutius
533 1485 716 1575 petalisqne
742 1487 863 1552 sensim
891 1486 1085 1554 minoribus
1112 1508 1182 1556 oen·

155 1606 357 1697 tralibusque
379 1605 562 1674 con'volutis
583 1603 725 1672 farctum
747 1607 907 1695 aperiens,
930 1628 1034 1696 quam
1049 1611 1183 1676 omues

157 1705 309 1796 tornatae
343 1716 480 1795 nomine
513 1709 698 1802 Linnaeaiio
732 1718 928 1814 insignimus
959 1729 1186 1816 (ventilation-

157 1851 220 1917 buu
241 1854 376 1936 bonci.)
419 1847 652 1940 proficiscitur,
673 1847 804 1925 etalias
827 1847 1014 1940 complures
1046 1848 1210 1951 admittit¹

36 1970 41 1981 '
158 1970 389 2039 aberrationes.
454 1967 508 2032 Ex
528 1960 645 2055 petalis
673 1966 826 2033 similiter
854 1968 990 2056 quidem
1020 1947 1188 2063 dispositis

147 2082 193 2187 'lat
220 2089 325 2177 magis
364 2087 551 2154 imminutis
587 2083 640 2176 (ut
677 2085 816 2173 aliquast
829 2110 946 2177 easque
973 2092 1188 2159 notabiliores

159 2198 213 2276 bio
246 2207 461 2295 exhibeamus
487 2204 614 2272 florum
641 2212 909 2276 monstrosorum
937 2194 1092 2302 turmas),
1126 2192 1188 2281 llos

155 2348 325 2420 pannosae
358 2322 413 2409 fit3
455 2348 498 2394 ex
542 2328 657 2414 petalis
695 2327 966 2414 cuneisormibus,
989 2331 1190 2429 ¹deplanatis

160 2450 291 2538 sibique
323 2447 447 2539 jugiter
468 2447 744 2534 incumbentibus,
792 2454 1094 2539 ranuncanyormn,
1132 2453 1191 2544 qui

129 2628 136 2639 ,
159 2570 276 2637 itidem
297 2591 341 2637 ex
361 2567 477 2659 petalis
498 2569 636 2636 reversis
658 2569 758 2655 inque
780 2569 918 2659 globum
947 2542 1084 2659 digestis
1114 2598 1191 2664 opu·

161 2656 301 2777 lisorrin‘s
321 2690 483 2778 redditur.
526 2689 635 2756 Patala
662 2688 737 2756 la'xe
766 2690 852 2756 inter
879 2715 914 2758 se
943 2692 1043 2780 inque
1074 2696 1191 2764 orbam

69 2830 71 2835 ’
118 2836 122 2844 ⁴
161 2812 299 2902 pianum
320 2811 453 2901 digesta,
482 2808 707 2899 magnitudine
741 2811 868 2900 aequali
899 2813 1052 2902 primum
1082 2840 1192 2885 assur·

162 2932 279 3021 gentia,
302 2954 455 3022 expansa,
478 2932 639 2998 corollam
660 2935 909 3015 rboecdsflorum
930 2958 957 3000 s.
972 2939 1012 3016 fl.
1027 2914 1193 3018 flnms
1226 2976 1228 2985 ·

163 3053 327 3118 exteriora
348 3054 437 3141 apice
459 3052 656 3138 subintegm,
678 3028 839 3139 reuoluta,
862 3076 1010 3138 concava,
1033 3044 1216 3126 interiora'

83 3251 91 3265 .
162 3170 308 3237 breviter
328 3170 548 3258 unguiculata,
578 3170 612 3234 in
635 3172 727 3238 basin
755 3171 889 3262 longam
917 3185 1062 3262 tenuata,
1101 3202 1194 3247 eorn-

163 3290 282 3382 plioata
301 3288 347 3383 ita
367 3298 407 3354 ut
426 3286 523 3355 facies
544 3288 718 3360 interiores
739 3297 1021 3385 compaginentur,
1051 3320 1195 3390 superne

131 3399 134 3407 ¹
164 3433 243 3480 vero
264 3408 381 3479 vexilli
400 3408 682 3498 leguminosarum
702 3414 806 3480 instar
824 3427 966 3505 pateant,
988 3420 1106 3486 omnia
1127 3422 1197 3488 sine

163 3531 279 3599 ordine
301 3532 500 3620 assurgentia
521 3545 555 3600 et
574 3534 679 3601 serius
701 3535 838 3602 demum
855 3556 1009 3627 expansa,
1032 3540 1198 3607 corollam

159 3655 455 3739 paeoniacformem
476 3678 503 3719 s.
525 3658 721 3721 cabatbtnum
741 3666 915 3746 praestant.

228 3770 287 3837 His
315 3771 436 3839 scilieet
472 3785 503 3840 et
526 3775 597 3840 aliis
626 3774 790 3864 ejusmodi
817 3772 1034 3843 deformitatis
1064 3778 1198 3848 casibus

165 3902 198 3957 et
226 3890 348 3957 eoloris
376 3894 530 3969 varietate
558 3918 593 3960 ac
625 3916 692 3984 quo
722 3896 827 3965 Rosae
855 3894 955 3962 flores
983 3898 1137 3966 eminent
1165 3911 1200 3968 et

167 4011 367 4101 praecellunt
394 4013 580 4102 splendore,
625 4017 664 4082 ab
691 4014 924 4105 antiquissimis
953 4016 1031 4084 inde
1058 4014 1200 4112 ternpo-
