2460 4634
134 360 196 423 '22
454 347 601 416 Partiu'm
622 349 728 415 Rotae
747 345 876 414 fruticis

151 545 236 621 ruli,
251 544 391 627 srute'ea'e'
410 549 442 604 et
462 542 538 604 ultra
560 534 712 604 notiones
735 539 775 604 ab
797 536 985 607 auctoribus
1007 534 1098 608 mele
1115 540 1197 610 ex?

116 739 119 751 ἱ
149 656 274 755 positas
285 660 455 743 adhibuit,
479 651 627 748 quamvis
649 644 761 725 trunci
780 676 1019 748 ramorumque
1039 663 1181 731 innixo-

151 774 232 854 'rum
253 783 468 872 dispositione
489 779 692 870 perficiatur,

195 890 212 949 .'
238 903 371 970 Caudex
408 901 468 967 sub
504 901 627 967 ramuli
664 900 788 967 novelli
826 890 941 991 specie‘
964 882 1010 970 ex
1052 899 1182 987 semine

152 1047 334 1112 emergens,
368 1022 496 1089 fruticis
524 1034 644 1088 natura
671 1021 807 1111 jubente
837 1046 937 1110 aeque
964 1047 1000 1089 ae
1020 1008 1116 1091 turio
1140 1028 1182 1092 eri

53 1112 80 1219 ,γ
151 1145 291 1235 'gemmis
311 1143 507 1211 radicalibus
527 1142 766 1233 propullulans,
798 1155 886 1210 recte
919 1121 1092 1233 assurgite
1124 1146 1183 1216 ille

152 1266 328 1333 ann'otinns
349 1264 486 1352 gracilis,
517 1263 571 1329 hio
592 1264 733 1332 validior
765 1265 875 1330 multo
903 1267 1075 1353 magisque
1103 1278 1185 1333 tur-

152 1361 294 1477 gescens,
326 1408 387 1452 suo
416 1395 569 1473 ternpore
598 1385 634 1450 in
660 1397 817 1453 truncum
844 1387 1055 1470 immutatur,
1087 1388 1184 1454 adia

151 1509 296 1574 rectione
325 1505 427 1574 semel
448 1517 539 1594 capta
568 1519 600 1571 et
629 1496 825 1596 proceritate
854 1507 912 1574 vix
942 1506 1007 1572 nisi
1034 1505 1182 1574 fortuito

103 1618 122 1699 .’
152 1627 305 1712 deflectit,
327 1654 331 1665 ·
350 1628 490 1715 assurgit
526 1650 664 1716 prorsus
701 1616 847 1717 (truncae
894 1628 1033 1715 erectus)
1072 1620 1178 1714 eoque

151 1750 256 1838 magis
277 1748 449 1817 invalescit-
465 1758 499 1815 et
517 1749 667 1837 erigitur,
701 1768 772 1835 quo
788 1747 923 1814 laetiora
945 1745 1074 1813 fuerint
1102 1746 1179 1814 ltn-

151 1872 224 1936 tiei's
243 1871 439 1960 primordia,
469 1868 561 1936 vele
583 1869 747 1933 contrario
770 1869 983 1933 imminuitur
1011 1879 1045 1935 et
1066 1871 1184 1959 depri-

152 1994 268 2074 mitur,
292 2013 358 2077 quo
380 1989 484 2076 magis
505 1987 635 2060 huticis
656 1987 811 2075 juvenilis
833 1990 929 2077 vigor
949 1987 1111 2056 infractus
1126 1991 1184 2058 sit.

150 2112 237 2179 Hine
258 2111 365 2176 munci
387 2122 432 2175 ex
451 2108 636 2173 turionibus
658 2107 801 2173 strictius
821 2111 1074 2197 assurgentibus,
1099 2112 1184 2200 quin

153 2221 271 2300 eodem
292 2229 424 2304 nonnisi
446 2230 530 2294 anno
551 2210 724 2317 orgyalem
745 2227 814 2316 jam
843 2229 1071 2296 adficientibus
1096 2254 1184 2320 pro·

153 2354 322 2420 ceritatem
343 2361 556 2438 emergentes,
584 2350 721 2436 reliquis
741 2351 948 2439 proceriores
979 2363 1012 2416 et
1040 2352 1185 2418 crassio-

152 2496 206 2540 res
228 2496 298 2538 esse
319 2470 425 2538 solent
445 2473 574 2554 (frutex
596 2473 715 2555 Ptin),
738 2471 856 2537 aculeis
877 2484 910 2538 et
938 2469 1124 2560 majoribus
1147 2485 1182 2539 et

152 2590 392 2684 ‘copiosioribus
413 2592 643 2658 inhorrescunt
669 2593 782 2678 (spina
803 2595 920 2678 Pata),
954 2603 1082 2682 sponte,
1115 2589 1183 2659 nisi

151 2698 234 2781 falde
260 2713 515 2805 prohibeantur,
554 2712 830 2778 bi-tricubitclem
864 2714 1028 2802 attingunt
1066 2711 1188 2780 altitu?

152 2837 264 2903 dinem
286 2837 385 2923 inque
408 2835 501 2924 digiti
523 2833 648 2899 molem
670 2833 882 2918 invalescunt,
906 2835 940 2899 in
962 2832 1069 2899 hortis
1087 2833 1184 2902 cultu

154 2969 186 3024 et
214 2958 277 3022 soli
306 2957 493 3022 conditione
522 2957 697 3019 commoda
725 2955 959 3039 accedentibus,
992 2952 1075 3020 hane
1096 2978 1185 3044 pro-

153 3079 320 3143 ceritatem
341 3097 411 3141 non
432 3076 542 3141 solum
564 3077 708 3140 retinent
722 3076 884 3157 -(sruta'ees
901 3065 1046 3162 procerr’,
1082 3078 1185 3142 boeb-

101 3198 104 3204 ’
153 3205 339 3285 etoemmige
360 3200 487 3281 Rosea)
509 3197 566 3261 sed
600 3206 741 3282 quoquej
763 3196 810 3261 ita
836 3209 964 3286 augent,
995 3206 1037 3263 ut
1065 3194 1186 3265 altitu-

153 3321 264 3386 dinem
286 3308 436 3386 20430
457 3316 606 3407 pedalem
629 3313 841 3407 assequantur
870 3330 902 3384 et
931 3317 1185 3386 domiciliorum

71 3512 75 3517 ,
153 3415 350 3530 patruorum
379 3450 462 3504 tecta
492 3440 649 3526 attingere
679 3465 714 3506 ac
748 3439 850 3508 veluti
885 3441 1091 3506 arborescere
1130 3443 1186 3507 vi-

154 3563 292 3629 deantur
314 3563 374 3644 (fr.
396 3564 645 3637 arboreaeentee,
668 3563 869 3649 laumartr‘ge
890 3564 1026 3645 Rosea).
1069 3559 1187 3629 Fruti-

154 3705 205 3748 ees
225 3703 394 3770 proceros,
418 3684 476 3768 qui
498 3684 532 3747 in
553 3683 663 3748 sativis
678 3694 799 3749 suntet
815 3683 858 3748 ob
879 3704 1026 3771 gemmas
1040 3681 1187 3750 aliarum

153 3802 361 3867 nobiliorum
387 3802 498 3870 insitas
528 3786 670 3890 aliquam
698 3802 906 3870 nobilitatem
936 3803 1185 3889 nanciscuntur,

100 3933 104 3939 ’
154 3921 223 4010 jam
252 3923 287 3987 in
315 3921 496 3990 hortorum
524 3920 649 3991 deliciis
681 3924 962 4013 frequentioribus
998 3924 1082 3989 seio:
1123 3927 1187 4011 qui

157 4062 236 4109 vero
276 4045 512 4114 arborescendo
557 4057 815 4132 consenuerunt,
866 4045 963 4135 plane
999 4057 1186 4111 rarescunt.
